trading_day,instrument_id,updatetime,trade_status,preclose,open_price,last_price,highest_price,lowest_price,average_price,up_limit_price,low_limit_price,last_volume,last_turnover,cum_volume,cum_turnover,num_trades,bid_price1,bid_price2,bid_price3,bid_price4,bid_price5,bid_price6,bid_price7,bid_price8,bid_price9,bid_price10,bid_volume1,bid_volume2,bid_volume3,bid_volume4,bid_volume5,bid_volume6,bid_volume7,bid_volume8,bid_volume9,bid_volume10,ask_price1,ask_price2,ask_price3,ask_price4,ask_price5,ask_price6,ask_price7,ask_price8,ask_price9,ask_price10,ask_volume1,ask_volume2,ask_volume3,ask_volume4,ask_volume5,ask_volume6,ask_volume7,ask_volume8,ask_volume9,ask_volume10,local_time
20230609,002463.SZ,09:15:00.000,,19.8300,0.0000,0.0000,0.0000,0.0000,0.0000,21.8100,17.8500,0,0.0000,0,0.0000,0,19.5000,0.0000,0.0000,0.0000,0.0000,0.0000,0.0000,0.0000,0.0000,0.0000,3300,100,0,0,0,0,0,0,0,0,19.5000,0.0000,0.0000,0.0000,0.0000,0.0000,0.0000,0.0000,0.0000,0.0000,3300,0,0,0,0,0,0,0,0,0,1686273301213771
20230609,002463.SZ,09:15:09.000,,19.8300,0.0000,0.0000,0.0000,0.0000,0.0000,21.8100,17.8500,0,0.0000,0,0.0000,0,19.6000,0.0000,0.0000,0.0000,0.0000,0.0000,0.0000,0.0000,0.0000,0.0000,3700,2300,0,0,0,0,0,0,0,0,19.6000,0.0000,0.0000,0.0000,0.0000,0.0000,0.0000,0.0000,0.0000,0.0000,3700,0,0,0,0,0,0,0,0,0,1686273310216082
20230609,002463.SZ,09:15:27.000,,19.8300,0.0000,0.0000,0.0000,0.0000,0.0000,21.8100,17.8500,0,0.0000,0,0.0000,0,19.6000,0.0000,0.0000,0.0000,0.0000,0.0000,0.0000,0.0000,0.0000,0.0000,4100,1900,0,0,0,0,0,0,0,0,19.6000,0.0000,0.0000,0.0000,0.0000,0.0000,0.0000,0.0000,0.0000,0.0000,4100,0,0,0,0,0,0,0,0,0,1686273328213532
20230609,002463.SZ,09:15:45.000,,19.8300,0.0000,0.0000,0.0000,0.0000,0.0000,21.8100,17.8500,0,0.0000,0,0.0000,0,19.6000,0.0000,0.0000,0.0000,0.0000,0.0000,0.0000,0.0000,0.0000,0.0000,4300,2500,0,0,0,0,0,0,0,0,19.6000,0.0000,0.0000,0.0000,0.0000,0.0000,0.0000,0.0000,0.0000,0.0000,4300,0,0,0,0,0,0,0,0,0,1686273346213585
20230609,002463.SZ,09:16:03.000,,19.8300,0.0000,0.0000,0.0000,0.0000,0.0000,21.8100,17.8500,0,0.0000,0,0.0000,0,19.6000,0.0000,0.0000,0.0000,0.0000,0.0000,0.0000,0.0000,0.0000,0.0000,4300,3200,0,0,0,0,0,0,0,0,19.6000,0.0000,0.0000,0.0000,0.0000,0.0000,0.0000,0.0000,0.0000,0.0000,4300,0,0,0,0,0,0,0,0,0,1686273364212634
20230609,002463.SZ,09:16:12.000,,19.8300,0.0000,0.0000,0.0000,0.0000,0.0000,21.8100,17.8500,0,0.0000,0,0.0000,0,19.6000,0.0000,0.0000,0.0000,0.0000,0.0000,0.0000,0.0000,0.0000,0.0000,4300,3600,0,0,0,0,0,0,0,0,19.6000,0.0000,0.0000,0.0000,0.0000,0.0000,0.0000,0.0000,0.0000,0.0000,4300,0,0,0,0,0,0,0,0,0,1686273373212920
20230609,002463.SZ,09:16:30.000,,19.8300,0.0000,0.0000,0.0000,0.0000,0.0000,21.8100,17.8500,0,0.0000,0,0.0000,0,19.6000,0.0000,0.0000,0.0000,0.0000,0.0000,0.0000,0.0000,0.0000,0.0000,4300,4600,0,0,0,0,0,0,0,0,19.6000,0.0000,0.0000,0.0000,0.0000,0.0000,0.0000,0.0000,0.0000,0.0000,4300,0,0,0,0,0,0,0,0,0,1686273391213388
20230609,002463.SZ,09:16:39.000,,19.8300,0.0000,0.0000,0.0000,0.0000,0.0000,21.8100,17.8500,0,0.0000,0,0.0000,0,19.6000,0.0000,0.0000,0.0000,0.0000,0.0000,0.0000,0.0000,0.0000,0.0000,4300,7400,0,0,0,0,0,0,0,0,19.6000,0.0000,0.0000,0.0000,0.0000,0.0000,0.0000,0.0000,0.0000,0.0000,4300,0,0,0,0,0,0,0,0,0,1686273400213488
20230609,002463.SZ,09:16:48.000,,19.8300,0.0000,0.0000,0.0000,0.0000,0.0000,21.8100,17.8500,0,0.0000,0,0.0000,0,19.6000,0.0000,0.0000,0.0000,0.0000,0.0000,0.0000,0.0000,0.0000,0.0000,4300,7800,0,0,0,0,0,0,0,0,19.6000,0.0000,0.0000,0.0000,0.0000,0.0000,0.0000,0.0000,0.0000,0.0000,4300,0,0,0,0,0,0,0,0,0,1686273409214420
20230609,002463.SZ,09:16:57.000,,19.8300,0.0000,0.0000,0.0000,0.0000,0.0000,21.8100,17.8500,0,0.0000,0,0.0000,0,19.6000,0.0000,0.0000,0.0000,0.0000,0.0000,0.0000,0.0000,0.0000,0.0000,5985,6215,0,0,0,0,0,0,0,0,19.6000,0.0000,0.0000,0.0000,0.0000,0.0000,0.0000,0.0000,0.0000,0.0000,5985,0,0,0,0,0,0,0,0,0,1686273418214498
20230609,002463.SZ,09:17:06.000,,19.8300,0.0000,0.0000,0.0000,0.0000,0.0000,21.8100,17.8500,0,0.0000,0,0.0000,0,19.6000,0.0000,0.0000,0.0000,0.0000,0.0000,0.0000,0.0000,0.0000,0.0000,5985,7915,0,0,0,0,0,0,0,0,19.6000,0.0000,0.0000,0.0000,0.0000,0.0000,0.0000,0.0000,0.0000,0.0000,5985,0,0,0,0,0,0,0,0,0,1686273427214059
20230609,002463.SZ,09:17:15.000,,19.8300,0.0000,0.0000,0.0000,0.0000,0.0000,21.8100,17.8500,0,0.0000,0,0.0000,0,20.2000,0.0000,0.0000,0.0000,0.0000,0.0000,0.0000,0.0000,0.0000,0.0000,51400,0,0,0,0,0,0,0,0,0,20.2000,0.0000,0.0000,0.0000,0.0000,0.0000,0.0000,0.0000,0.0000,0.0000,51400,1205,0,0,0,0,0,0,0,0,1686273436214288
20230609,002463.SZ,09:17:24.000,,19.8300,0.0000,0.0000,0.0000,0.0000,0.0000,21.8100,17.8500,0,0.0000,0,0.0000,0,20.2000,0.0000,0.0000,0.0000,0.0000,0.0000,0.0000,0.0000,0.0000,0.0000,51400,0,0,0,0,0,0,0,0,0,20.2000,0.0000,0.0000,0.0000,0.0000,0.0000,0.0000,0.0000,0.0000,0.0000,51400,2805,0,0,0,0,0,0,0,0,1686273445214728
20230609,002463.SZ,09:17:33.000,,19.8300,0.0000,0.0000,0.0000,0.0000,0.0000,21.8100,17.8500,0,0.0000,0,0.0000,0,20.2000,0.0000,0.0000,0.0000,0.0000,0.0000,0.0000,0.0000,0.0000,0.0000,51400,0,0,0,0,0,0,0,0,0,20.2000,0.0000,0.0000,0.0000,0.0000,0.0000,0.0000,0.0000,0.0000,0.0000,51400,3305,0,0,0,0,0,0,0,0,1686273454213892
20230609,002463.SZ,09:17:42.000,,19.8300,0.0000,0.0000,0.0000,0.0000,0.0000,21.8100,17.8500,0,0.0000,0,0.0000,0,20.2000,0.0000,0.0000,0.0000,0.0000,0.0000,0.0000,0.0000,0.0000,0.0000,51400,0,0,0,0,0,0,0,0,0,20.2000,0.0000,0.0000,0.0000,0.0000,0.0000,0.0000,0.0000,0.0000,0.0000,51400,2505,0,0,0,0,0,0,0,0,1686273463214142
20230609,002463.SZ,09:17:51.000,,19.8300,0.0000,0.0000,0.0000,0.0000,0.0000,21.8100,17.8500,0,0.0000,0,0.0000,0,20.1700,0.0000,0.0000,0.0000,0.0000,0.0000,0.0000,0.0000,0.0000,0.0000,51400,0,0,0,0,0,0,0,0,0,20.1700,0.0000,0.0000,0.0000,0.0000,0.0000,0.0000,0.0000,0.0000,0.0000,51400,805,0,0,0,0,0,0,0,0,1686273472214214
20230609,002463.SZ,09:18:00.000,,19.8300,0.0000,0.0000,0.0000,0.0000,0.0000,21.8100,17.8500,0,0.0000,0,0.0000,0,20.2200,0.0000,0.0000,0.0000,0.0000,0.0000,0.0000,0.0000,0.0000,0.0000,67300,0,0,0,0,0,0,0,0,0,20.2200,0.0000,0.0000,0.0000,0.0000,0.0000,0.0000,0.0000,0.0000,0.0000,67300,205,0,0,0,0,0,0,0,0,1686273481214793
20230609,002463.SZ,09:18:09.000,,19.8300,0.0000,0.0000,0.0000,0.0000,0.0000,21.8100,17.8500,0,0.0000,0,0.0000,0,20.2200,0.0000,0.0000,0.0000,0.0000,0.0000,0.0000,0.0000,0.0000,0.0000,67300,0,0,0,0,0,0,0,0,0,20.2200,0.0000,0.0000,0.0000,0.0000,0.0000,0.0000,0.0000,0.0000,0.0000,67300,5305,0,0,0,0,0,0,0,0,1686273490214575
20230609,002463.SZ,09:18:18.000,,19.8300,0.0000,0.0000,0.0000,0.0000,0.0000,21.8100,17.8500,0,0.0000,0,0.0000,0,20.1800,0.0000,0.0000,0.0000,0.0000,0.0000,0.0000,0.0000,0.0000,0.0000,51400,0,0,0,0,0,0,0,0,0,20.1800,0.0000,0.0000,0.0000,0.0000,0.0000,0.0000,0.0000,0.0000,0.0000,51400,5005,0,0,0,0,0,0,0,0,1686273499215184
20230609,002463.SZ,09:18:27.000,,19.8300,0.0000,0.0000,0.0000,0.0000,0.0000,21.8100,17.8500,0,0.0000,0,0.0000,0,20.1800,0.0000,0.0000,0.0000,0.0000,0.0000,0.0000,0.0000,0.0000,0.0000,52100,0,0,0,0,0,0,0,0,0,20.1800,0.0000,0.0000,0.0000,0.0000,0.0000,0.0000,0.0000,0.0000,0.0000,52100,2205,0,0,0,0,0,0,0,0,1686273508214587
20230609,002463.SZ,09:18:36.000,,19.8300,0.0000,0.0000,0.0000,0.0000,0.0000,21.8100,17.8500,0,0.0000,0,0.0000,0,20.1800,0.0000,0.0000,0.0000,0.0000,0.0000,0.0000,0.0000,0.0000,0.0000,56100,0,0,0,0,0,0,0,0,0,20.1800,0.0000,0.0000,0.0000,0.0000,0.0000,0.0000,0.0000,0.0000,0.0000,56100,4005,0,0,0,0,0,0,0,0,1686273517214056
20230609,002463.SZ,09:18:45.000,,19.8300,0.0000,0.0000,0.0000,0.0000,0.0000,21.8100,17.8500,0,0.0000,0,0.0000,0,20.1800,0.0000,0.0000,0.0000,0.0000,0.0000,0.0000,0.0000,0.0000,0.0000,56100,0,0,0,0,0,0,0,0,0,20.1800,0.0000,0.0000,0.0000,0.0000,0.0000,0.0000,0.0000,0.0000,0.0000,56100,5905,0,0,0,0,0,0,0,0,1686273526214550
20230609,002463.SZ,09:18:54.000,,19.8300,0.0000,0.0000,0.0000,0.0000,0.0000,21.8100,17.8500,0,0.0000,0,0.0000,0,20.1800,0.0000,0.0000,0.0000,0.0000,0.0000,0.0000,0.0000,0.0000,0.0000,56100,0,0,0,0,0,0,0,0,0,20.1800,0.0000,0.0000,0.0000,0.0000,0.0000,0.0000,0.0000,0.0000,0.0000,56100,8405,0,0,0,0,0,0,0,0,1686273535213943
20230609,002463.SZ,09:19:03.000,,19.8300,0.0000,0.0000,0.0000,0.0000,0.0000,21.8100,17.8500,0,0.0000,0,0.0000,0,20.1800,0.0000,0.0000,0.0000,0.0000,0.0000,0.0000,0.0000,0.0000,0.0000,56500,0,0,0,0,0,0,0,0,0,20.1800,0.0000,0.0000,0.0000,0.0000,0.0000,0.0000,0.0000,0.0000,0.0000,56500,11805,0,0,0,0,0,0,0,0,1686273544213964
20230609,002463.SZ,09:19:12.000,,19.8300,0.0000,0.0000,0.0000,0.0000,0.0000,21.8100,17.8500,0,0.0000,0,0.0000,0,20.1800,0.0000,0.0000,0.0000,0.0000,0.0000,0.0000,0.0000,0.0000,0.0000,56700,0,0,0,0,0,0,0,0,0,20.1800,0.0000,0.0000,0.0000,0.0000,0.0000,0.0000,0.0000,0.0000,0.0000,56700,12605,0,0,0,0,0,0,0,0,1686273553214089
20230609,002463.SZ,09:19:21.000,,19.8300,0.0000,0.0000,0.0000,0.0000,0.0000,21.8100,17.8500,0,0.0000,0,0.0000,0,20.1800,0.0000,0.0000,0.0000,0.0000,0.0000,0.0000,0.0000,0.0000,0.0000,56900,0,0,0,0,0,0,0,0,0,20.1800,0.0000,0.0000,0.0000,0.0000,0.0000,0.0000,0.0000,0.0000,0.0000,56900,19705,0,0,0,0,0,0,0,0,1686273562214278
20230609,002463.SZ,09:19:30.000,,19.8300,0.0000,0.0000,0.0000,0.0000,0.0000,21.8100,17.8500,0,0.0000,0,0.0000,0,20.1800,0.0000,0.0000,0.0000,0.0000,0.0000,0.0000,0.0000,0.0000,0.0000,57100,0,0,0,0,0,0,0,0,0,20.1800,0.0000,0.0000,0.0000,0.0000,0.0000,0.0000,0.0000,0.0000,0.0000,57100,20405,0,0,0,0,0,0,0,0,1686273571213944
20230609,002463.SZ,09:19:39.000,,19.8300,0.0000,0.0000,0.0000,0.0000,0.0000,21.8100,17.8500,0,0.0000,0,0.0000,0,20.1800,0.0000,0.0000,0.0000,0.0000,0.0000,0.0000,0.0000,0.0000,0.0000,57300,0,0,0,0,0,0,0,0,0,20.1800,0.0000,0.0000,0.0000,0.0000,0.0000,0.0000,0.0000,0.0000,0.0000,57300,22205,0,0,0,0,0,0,0,0,1686273580213398
20230609,002463.SZ,09:19:48.000,,19.8300,0.0000,0.0000,0.0000,0.0000,0.0000,21.8100,17.8500,0,0.0000,0,0.0000,0,19.8300,0.0000,0.0000,0.0000,0.0000,0.0000,0.0000,0.0000,0.0000,0.0000,9800,0,0,0,0,0,0,0,0,0,19.8300,0.0000,0.0000,0.0000,0.0000,0.0000,0.0000,0.0000,0.0000,0.0000,9800,7905,0,0,0,0,0,0,0,0,1686273589213264
20230609,002463.SZ,09:20:00.000,,19.8300,0.0000,0.0000,0.0000,0.0000,0.0000,21.8100,17.8500,0,0.0000,0,0.0000,0,19.8300,0.0000,0.0000,0.0000,0.0000,0.0000,0.0000,0.0000,0.0000,0.0000,10900,0,0,0,0,0,0,0,0,0,19.8300,0.0000,0.0000,0.0000,0.0000,0.0000,0.0000,0.0000,0.0000,0.0000,10900,7005,0,0,0,0,0,0,0,0,1686273601212655
20230609,002463.SZ,09:20:09.000,,19.8300,0.0000,0.0000,0.0000,0.0000,0.0000,21.8100,17.8500,0,0.0000,0,0.0000,0,19.8000,0.0000,0.0000,0.0000,0.0000,0.0000,0.0000,0.0000,0.0000,0.0000,13385,1715,0,0,0,0,0,0,0,0,19.8000,0.0000,0.0000,0.0000,0.0000,0.0000,0.0000,0.0000,0.0000,0.0000,13385,0,0,0,0,0,0,0,0,0,1686273610215006
20230609,002463.SZ,09:20:18.000,,19.8300,0.0000,0.0000,0.0000,0.0000,0.0000,21.8100,17.8500,0,0.0000,0,0.0000,0,19.8000,0.0000,0.0000,0.0000,0.0000,0.0000,0.0000,0.0000,0.0000,0.0000,13585,1815,0,0,0,0,0,0,0,0,19.8000,0.0000,0.0000,0.0000,0.0000,0.0000,0.0000,0.0000,0.0000,0.0000,13585,0,0,0,0,0,0,0,0,0,1686273619212869
20230609,002463.SZ,09:20:36.000,,19.8300,0.0000,0.0000,0.0000,0.0000,0.0000,21.8100,17.8500,0,0.0000,0,0.0000,0,19.8000,0.0000,0.0000,0.0000,0.0000,0.0000,0.0000,0.0000,0.0000,0.0000,13585,4615,0,0,0,0,0,0,0,0,19.8000,0.0000,0.0000,0.0000,0.0000,0.0000,0.0000,0.0000,0.0000,0.0000,13585,0,0,0,0,0,0,0,0,0,1686273637213895
20230609,002463.SZ,09:20:45.000,,19.8300,0.0000,0.0000,0.0000,0.0000,0.0000,21.8100,17.8500,0,0.0000,0,0.0000,0,19.8000,0.0000,0.0000,0.0000,0.0000,0.0000,0.0000,0.0000,0.0000,0.0000,16085,3015,0,0,0,0,0,0,0,0,19.8000,0.0000,0.0000,0.0000,0.0000,0.0000,0.0000,0.0000,0.0000,0.0000,16085,0,0,0,0,0,0,0,0,0,1686273646212645
20230609,002463.SZ,09:20:54.000,,19.8300,0.0000,0.0000,0.0000,0.0000,0.0000,21.8100,17.8500,0,0.0000,0,0.0000,0,19.8000,0.0000,0.0000,0.0000,0.0000,0.0000,0.0000,0.0000,0.0000,0.0000,17085,2015,0,0,0,0,0,0,0,0,19.8000,0.0000,0.0000,0.0000,0.0000,0.0000,0.0000,0.0000,0.0000,0.0000,17085,0,0,0,0,0,0,0,0,0,1686273655213429
20230609,002463.SZ,09:21:03.000,,19.8300,0.0000,0.0000,0.0000,0.0000,0.0000,21.8100,17.8500,0,0.0000,0,0.0000,0,19.7000,0.0000,0.0000,0.0000,0.0000,0.0000,0.0000,0.0000,0.0000,0.0000,21785,315,0,0,0,0,0,0,0,0,19.7000,0.0000,0.0000,0.0000,0.0000,0.0000,0.0000,0.0000,0.0000,0.0000,21785,0,0,0,0,0,0,0,0,0,1686273664214693
20230609,002463.SZ,09:21:12.000,,19.8300,0.0000,0.0000,0.0000,0.0000,0.0000,21.8100,17.8500,0,0.0000,0,0.0000,0,19.7000,0.0000,0.0000,0.0000,0.0000,0.0000,0.0000,0.0000,0.0000,0.0000,22800,0,0,0,0,0,0,0,0,0,19.7000,0.0000,0.0000,0.0000,0.0000,0.0000,0.0000,0.0000,0.0000,0.0000,22800,3185,0,0,0,0,0,0,0,0,1686273673214197
20230609,002463.SZ,09:21:21.000,,19.8300,0.0000,0.0000,0.0000,0.0000,0.0000,21.8100,17.8500,0,0.0000,0,0.0000,0,19.7000,0.0000,0.0000,0.0000,0.0000,0.0000,0.0000,0.0000,0.0000,0.0000,22900,0,0,0,0,0,0,0,0,0,19.7000,0.0000,0.0000,0.0000,0.0000,0.0000,0.0000,0.0000,0.0000,0.0000,22900,3185,0,0,0,0,0,0,0,0,1686273682214271
20230609,002463.SZ,09:21:30.000,,19.8300,0.0000,0.0000,0.0000,0.0000,0.0000,21.8100,17.8500,0,0.0000,0,0.0000,0,19.7000,0.0000,0.0000,0.0000,0.0000,0.0000,0.0000,0.0000,0.0000,0.0000,24100,0,0,0,0,0,0,0,0,0,19.7000,0.0000,0.0000,0.0000,0.0000,0.0000,0.0000,0.0000,0.0000,0.0000,24100,3885,0,0,0,0,0,0,0,0,1686273691213339
20230609,002463.SZ,09:21:39.000,,19.8300,0.0000,0.0000,0.0000,0.0000,0.0000,21.8100,17.8500,0,0.0000,0,0.0000,0,19.7000,0.0000,0.0000,0.0000,0.0000,0.0000,0.0000,0.0000,0.0000,0.0000,29600,0,0,0,0,0,0,0,0,0,19.7000,0.0000,0.0000,0.0000,0.0000,0.0000,0.0000,0.0000,0.0000,0.0000,29600,585,0,0,0,0,0,0,0,0,1686273700215487
20230609,002463.SZ,09:21:48.000,,19.8300,0.0000,0.0000,0.0000,0.0000,0.0000,21.8100,17.8500,0,0.0000,0,0.0000,0,19.7000,0.0000,0.0000,0.0000,0.0000,0.0000,0.0000,0.0000,0.0000,0.0000,29600,0,0,0,0,0,0,0,0,0,19.7000,0.0000,0.0000,0.0000,0.0000,0.0000,0.0000,0.0000,0.0000,0.0000,29600,2785,0,0,0,0,0,0,0,0,1686273709213541
20230609,002463.SZ,09:22:06.000,,19.8300,0.0000,0.0000,0.0000,0.0000,0.0000,21.8100,17.8500,0,0.0000,0,0.0000,0,19.7000,0.0000,0.0000,0.0000,0.0000,0.0000,0.0000,0.0000,0.0000,0.0000,29900,0,0,0,0,0,0,0,0,0,19.7000,0.0000,0.0000,0.0000,0.0000,0.0000,0.0000,0.0000,0.0000,0.0000,29900,2485,0,0,0,0,0,0,0,0,1686273727214024
20230609,002463.SZ,09:22:15.000,,19.8300,0.0000,0.0000,0.0000,0.0000,0.0000,21.8100,17.8500,0,0.0000,0,0.0000,0,19.7000,0.0000,0.0000,0.0000,0.0000,0.0000,0.0000,0.0000,0.0000,0.0000,32000,0,0,0,0,0,0,0,0,0,19.7000,0.0000,0.0000,0.0000,0.0000,0.0000,0.0000,0.0000,0.0000,0.0000,32000,385,0,0,0,0,0,0,0,0,1686273736214235
20230609,002463.SZ,09:22:24.000,,19.8300,0.0000,0.0000,0.0000,0.0000,0.0000,21.8100,17.8500,0,0.0000,0,0.0000,0,19.6100,0.0000,0.0000,0.0000,0.0000,0.0000,0.0000,0.0000,0.0000,0.0000,33400,0,0,0,0,0,0,0,0,0,19.6100,0.0000,0.0000,0.0000,0.0000,0.0000,0.0000,0.0000,0.0000,0.0000,33400,685,0,0,0,0,0,0,0,0,1686273745213422
20230609,002463.SZ,09:22:33.000,,19.8300,0.0000,0.0000,0.0000,0.0000,0.0000,21.8100,17.8500,0,0.0000,0,0.0000,0,19.7000,0.0000,0.0000,0.0000,0.0000,0.0000,0.0000,0.0000,0.0000,0.0000,41585,315,0,0,0,0,0,0,0,0,19.7000,0.0000,0.0000,0.0000,0.0000,0.0000,0.0000,0.0000,0.0000,0.0000,41585,0,0,0,0,0,0,0,0,0,1686273754215027
20230609,002463.SZ,09:22:42.000,,19.8300,0.0000,0.0000,0.0000,0.0000,0.0000,21.8100,17.8500,0,0.0000,0,0.0000,0,19.7000,0.0000,0.0000,0.0000,0.0000,0.0000,0.0000,0.0000,0.0000,0.0000,41900,0,0,0,0,0,0,0,0,0,19.7000,0.0000,0.0000,0.0000,0.0000,0.0000,0.0000,0.0000,0.0000,0.0000,41900,2885,0,0,0,0,0,0,0,0,1686273763214795
20230609,002463.SZ,09:22:51.000,,19.8300,0.0000,0.0000,0.0000,0.0000,0.0000,21.8100,17.8500,0,0.0000,0,0.0000,0,19.7000,0.0000,0.0000,0.0000,0.0000,0.0000,0.0000,0.0000,0.0000,0.0000,42200,0,0,0,0,0,0,0,0,0,19.7000,0.0000,0.0000,0.0000,0.0000,0.0000,0.0000,0.0000,0.0000,0.0000,42200,2685,0,0,0,0,0,0,0,0,1686273772213273
20230609,002463.SZ,09:23:00.000,,19.8300,0.0000,0.0000,0.0000,0.0000,0.0000,21.8100,17.8500,0,0.0000,0,0.0000,0,19.7000,0.0000,0.0000,0.0000,0.0000,0.0000,0.0000,0.0000,0.0000,0.0000,44200,0,0,0,0,0,0,0,0,0,19.7000,0.0000,0.0000,0.0000,0.0000,0.0000,0.0000,0.0000,0.0000,0.0000,44200,12985,0,0,0,0,0,0,0,0,1686273781214157
20230609,002463.SZ,09:23:09.000,,19.8300,0.0000,0.0000,0.0000,0.0000,0.0000,21.8100,17.8500,0,0.0000,0,0.0000,0,19.7000,0.0000,0.0000,0.0000,0.0000,0.0000,0.0000,0.0000,0.0000,0.0000,44900,0,0,0,0,0,0,0,0,0,19.7000,0.0000,0.0000,0.0000,0.0000,0.0000,0.0000,0.0000,0.0000,0.0000,44900,12885,0,0,0,0,0,0,0,0,1686273790214855
20230609,002463.SZ,09:23:18.000,,19.8300,0.0000,0.0000,0.0000,0.0000,0.0000,21.8100,17.8500,0,0.0000,0,0.0000,0,19.7000,0.0000,0.0000,0.0000,0.0000,0.0000,0.0000,0.0000,0.0000,0.0000,50000,0,0,0,0,0,0,0,0,0,19.7000,0.0000,0.0000,0.0000,0.0000,0.0000,0.0000,0.0000,0.0000,0.0000,50000,9285,0,0,0,0,0,0,0,0,1686273799214388
20230609,002463.SZ,09:23:27.000,,19.8300,0.0000,0.0000,0.0000,0.0000,0.0000,21.8100,17.8500,0,0.0000,0,0.0000,0,19.7000,0.0000,0.0000,0.0000,0.0000,0.0000,0.0000,0.0000,0.0000,0.0000,57700,0,0,0,0,0,0,0,0,0,19.7000,0.0000,0.0000,0.0000,0.0000,0.0000,0.0000,0.0000,0.0000,0.0000,57700,5200,0,0,0,0,0,0,0,0,1686273808216239
20230609,002463.SZ,09:23:36.000,,19.8300,0.0000,0.0000,0.0000,0.0000,0.0000,21.8100,17.8500,0,0.0000,0,0.0000,0,19.7000,0.0000,0.0000,0.0000,0.0000,0.0000,0.0000,0.0000,0.0000,0.0000,60100,0,0,0,0,0,0,0,0,0,19.7000,0.0000,0.0000,0.0000,0.0000,0.0000,0.0000,0.0000,0.0000,0.0000,60100,23300,0,0,0,0,0,0,0,0,1686273817215373
20230609,002463.SZ,09:23:45.000,,19.8300,0.0000,0.0000,0.0000,0.0000,0.0000,21.8100,17.8500,0,0.0000,0,0.0000,0,19.7000,0.0000,0.0000,0.0000,0.0000,0.0000,0.0000,0.0000,0.0000,0.0000,61800,0,0,0,0,0,0,0,0,0,19.7000,0.0000,0.0000,0.0000,0.0000,0.0000,0.0000,0.0000,0.0000,0.0000,61800,23200,0,0,0,0,0,0,0,0,1686273826214963
20230609,002463.SZ,09:23:54.000,,19.8300,0.0000,0.0000,0.0000,0.0000,0.0000,21.8100,17.8500,0,0.0000,0,0.0000,0,19.7000,0.0000,0.0000,0.0000,0.0000,0.0000,0.0000,0.0000,0.0000,0.0000,71400,0,0,0,0,0,0,0,0,0,19.7000,0.0000,0.0000,0.0000,0.0000,0.0000,0.0000,0.0000,0.0000,0.0000,71400,14500,0,0,0,0,0,0,0,0,1686273835214115
20230609,002463.SZ,09:24:03.000,,19.8300,0.0000,0.0000,0.0000,0.0000,0.0000,21.8100,17.8500,0,0.0000,0,0.0000,0,19.7000,0.0000,0.0000,0.0000,0.0000,0.0000,0.0000,0.0000,0.0000,0.0000,72500,0,0,0,0,0,0,0,0,0,19.7000,0.0000,0.0000,0.0000,0.0000,0.0000,0.0000,0.0000,0.0000,0.0000,72500,15400,0,0,0,0,0,0,0,0,1686273844215484
20230609,002463.SZ,09:24:12.000,,19.8300,0.0000,0.0000,0.0000,0.0000,0.0000,21.8100,17.8500,0,0.0000,0,0.0000,0,19.7000,0.0000,0.0000,0.0000,0.0000,0.0000,0.0000,0.0000,0.0000,0.0000,87200,0,0,0,0,0,0,0,0,0,19.7000,0.0000,0.0000,0.0000,0.0000,0.0000,0.0000,0.0000,0.0000,0.0000,87200,19600,0,0,0,0,0,0,0,0,1686273853215881
20230609,002463.SZ,09:24:21.000,,19.8300,0.0000,0.0000,0.0000,0.0000,0.0000,21.8100,17.8500,0,0.0000,0,0.0000,0,19.7000,0.0000,0.0000,0.0000,0.0000,0.0000,0.0000,0.0000,0.0000,0.0000,107500,0,0,0,0,0,0,0,0,0,19.7000,0.0000,0.0000,0.0000,0.0000,0.0000,0.0000,0.0000,0.0000,0.0000,107500,4800,0,0,0,0,0,0,0,0,1686273862215363
20230609,002463.SZ,09:24:30.000,,19.8300,0.0000,0.0000,0.0000,0.0000,0.0000,21.8100,17.8500,0,0.0000,0,0.0000,0,19.7000,0.0000,0.0000,0.0000,0.0000,0.0000,0.0000,0.0000,0.0000,0.0000,110200,0,0,0,0,0,0,0,0,0,19.7000,0.0000,0.0000,0.0000,0.0000,0.0000,0.0000,0.0000,0.0000,0.0000,110200,5000,0,0,0,0,0,0,0,0,1686273871215919
20230609,002463.SZ,09:24:39.000,,19.8300,0.0000,0.0000,0.0000,0.0000,0.0000,21.8100,17.8500,0,0.0000,0,0.0000,0,19.7000,0.0000,0.0000,0.0000,0.0000,0.0000,0.0000,0.0000,0.0000,0.0000,119810,4890,0,0,0,0,0,0,0,0,19.7000,0.0000,0.0000,0.0000,0.0000,0.0000,0.0000,0.0000,0.0000,0.0000,119810,0,0,0,0,0,0,0,0,0,1686273880214523
20230609,002463.SZ,09:24:48.000,,19.8300,0.0000,0.0000,0.0000,0.0000,0.0000,21.8100,17.8500,0,0.0000,0,0.0000,0,19.7000,0.0000,0.0000,0.0000,0.0000,0.0000,0.0000,0.0000,0.0000,0.0000,126010,23690,0,0,0,0,0,0,0,0,19.7000,0.0000,0.0000,0.0000,0.0000,0.0000,0.0000,0.0000,0.0000,0.0000,126010,0,0,0,0,0,0,0,0,0,1686273889214048
20230609,002463.SZ,09:24:57.000,,19.8300,0.0000,0.0000,0.0000,0.0000,0.0000,21.8100,17.8500,0,0.0000,0,0.0000,0,19.7000,0.0000,0.0000,0.0000,0.0000,0.0000,0.0000,0.0000,0.0000,0.0000,149610,55490,0,0,0,0,0,0,0,0,19.7000,0.0000,0.0000,0.0000,0.0000,0.0000,0.0000,0.0000,0.0000,0.0000,149610,0,0,0,0,0,0,0,0,0,1686273898213305
20230609,002463.SZ,09:25:00.000,,19.8300,19.7000,19.7000,19.7000,19.7000,0.0000,21.8100,17.8500,205110,4040667.0000,205110,4040667.0000,233,19.7000,19.6900,19.6600,19.6500,19.6400,19.6200,19.6100,19.6000,19.5900,19.5800,53490,500,200,700,1000,100,12600,15200,1300,1000,19.7100,19.8000,19.8200,19.8300,19.8500,19.8800,19.8900,19.9000,19.9300,19.9500,1900,6100,200,9420,400,300,400,2000,3500,700,1686273901461641
20230609,002463.SZ,09:30:00.000,,19.8300,19.7000,19.8200,19.8200,19.7000,0.0000,21.8100,17.8500,43100,850143.0000,248210,4890810.0000,316,19.8200,19.7400,19.7300,19.7200,19.7100,19.7000,19.6900,19.6600,19.6500,19.6400,600,300,200,5000,26200,52390,5500,260100,9100,3200,19.8300,19.8500,19.8800,19.8900,19.9000,19.9300,19.9500,19.9600,19.9700,19.9800,9420,3700,50300,4500,3100,3500,700,2300,6600,7400,1686274201483435
20230609,002463.SZ,09:30:03.000,,19.8300,19.7000,19.7100,19.8500,19.7000,0.0000,21.8100,17.8500,68900,1361620.6000,317110,6252430.6000,454,19.7200,19.7100,19.7000,19.6900,19.6800,19.6600,19.6500,19.6400,19.6300,19.6200,200,83400,53890,6900,100,260400,11800,3800,1100,12000,19.8000,19.8200,19.8500,19.8700,19.8800,19.8900,19.9000,19.9100,19.9200,19.9300,1000,1000,19320,1300,53300,8500,3200,600,300,3500,1686274204555063
20230609,002463.SZ,09:30:06.000,,19.8300,19.7000,19.8000,19.8500,19.7000,0.0000,21.8100,17.8500,15000,296346.0000,332110,6548776.6000,491,19.8000,19.7400,19.7300,19.7200,19.7100,19.7000,19.6900,19.6800,19.6600,19.6500,600,1700,12400,1400,87600,59390,16900,100,260400,14000,19.8200,19.8400,19.8500,19.8700,19.8800,19.8900,19.9000,19.9100,19.9200,19.9300,800,7800,19320,1300,53600,7500,3300,600,300,3500,1686274207531219
20230609,002463.SZ,09:30:09.000,,19.8300,19.7000,19.8200,19.8500,19.7000,0.0000,21.8100,17.8500,11600,229766.0000,343710,6778542.6000,548,19.8100,19.7400,19.7300,19.7200,19.7100,19.7000,19.6900,19.6800,19.6700,19.6600,600,28700,2900,3600,87900,62690,16900,100,1500,261400,19.8200,19.8400,19.8500,19.8700,19.8800,19.8900,19.9000,19.9100,19.9200,19.9300,100,8600,19620,1300,53600,7500,3300,1100,300,3500,1686274210509923
20230609,002463.SZ,09:30:12.000,,19.8300,19.7000,19.8000,19.8500,19.7000,0.0000,21.8100,17.8500,9200,182307.0000,352910,6960849.6000,566,19.8000,19.7700,19.7500,19.7400,19.7300,19.7200,19.7100,19.7000,19.6900,19.6800,900,500,9100,30700,3200,4900,91000,59090,17400,100,19.8400,19.8500,19.8700,19.8800,19.8900,19.9000,19.9100,19.9200,19.9300,19.9500,8600,19620,1300,53600,7500,3300,1100,300,3500,5600,1686274213487965
20230609,002463.SZ,09:30:15.000,,19.8300,19.7000,19.8200,19.8500,19.7000,0.0000,21.8100,17.8500,45700,903243.0000,398610,7864092.6000,600,19.7800,19.7700,19.7400,19.7300,19.7200,19.7100,19.7000,19.6900,19.6800,19.6700,2000,1200,7500,600,6200,93200,58590,17400,100,1500,19.8200,19.8300,19.8400,19.8500,19.8700,19.8800,19.8900,19.9000,19.9100,19.9200,6600,6000,8600,20620,1300,53600,7500,3300,1100,300,1686274216493619
20230609,002463.SZ,09:30:18.000,,19.8300,19.7000,19.8100,19.8500,19.7000,0.0000,21.8100,17.8500,6100,120735.0000,404710,7984827.6000,623,19.7700,19.7300,19.7200,19.7100,19.7000,19.6900,19.6800,19.6700,19.6600,19.6500,1300,300,6600,90800,56690,17400,100,1500,261400,15300,19.8100,19.8200,19.8300,19.8400,19.8500,19.8700,19.8800,19.8900,19.9000,19.9100,6100,2400,2800,8700,21620,1300,53600,7500,3300,1100,1686274219472469
20230609,002463.SZ,09:30:21.000,,19.8300,19.7000,19.7800,19.8500,19.7000,0.0000,21.8100,17.8500,5800,114744.0000,410510,8099571.6000,641,19.7500,19.7400,19.7200,19.7100,19.7000,19.6900,19.6800,19.6700,19.6600,19.6500,1600,5800,6600,90100,56590,17400,100,1500,261400,15200,19.7800,19.8000,19.8100,19.8200,19.8300,19.8400,19.8500,19.8700,19.8800,19.8900,1400,3000,2000,12000,7300,9800,21620,1600,53300,7500,1686274222470787
20230609,002463.SZ,09:30:24.000,,19.8300,19.7000,19.7700,19.8500,19.7000,0.0000,21.8100,17.8500,4200,83104.0000,414710,8182675.6000,655,19.7600,19.7500,19.7400,19.7200,19.7100,19.7000,19.6900,19.6800,19.6700,19.6600,4600,5400,700,26600,87500,56590,17400,100,1500,261400,19.7700,19.8000,19.8100,19.8200,19.8300,19.8400,19.8500,19.8700,19.8800,19.8900,400,900,2000,12500,5300,9100,19720,1600,53300,7500,1686274225484101
20230609,002463.SZ,09:30:27.000,,19.8300,19.7000,19.8000,19.8500,19.7000,0.0000,21.8100,17.8500,16900,334426.0000,431610,8517101.6000,681,19.7700,19.7600,19.7500,19.7400,19.7200,19.7100,19.7000,19.6900,19.6800,19.6700,1500,3200,5400,700,23000,85600,56290,17400,100,1600,19.8000,19.8100,19.8200,19.8300,19.8400,19.8500,19.8700,19.8800,19.8900,19.9000,14700,2000,12500,5300,1300,19720,1600,53300,7500,3300,1686274228483248
20230609,002463.SZ,09:30:30.000,,19.8300,19.7000,19.7600,19.8500,19.7000,0.0000,21.8100,17.8500,21300,421095.0000,452910,8938196.6000,717,19.7400,19.7200,19.7100,19.7000,19.6900,19.6700,19.6600,19.6500,19.6400,19.6300,500,55700,85900,56390,17400,1600,261400,15200,3800,3600,19.7600,19.7700,19.7800,19.7900,19.8000,19.8100,19.8200,19.8300,19.8400,19.8500,200,100,1200,3200,11400,6600,11300,5300,1300,19720,1686274231486057
20230609,002463.SZ,09:30:33.000,,19.8300,19.7000,19.7600,19.8500,19.7000,0.0000,21.8100,17.8500,8900,175828.0000,461810,9114024.6000,755,19.7300,19.7200,19.7100,19.7000,19.6900,19.6700,19.6600,19.6500,19.6400,19.6300,700,55700,85300,56390,17400,1600,261400,15200,3800,3600,19.7600,19.7700,19.7800,19.7900,19.8000,19.8100,19.8200,19.8300,19.8400,19.8500,8600,200,100,1500,14900,6600,11000,4500,1300,19720,1686274234472844
20230609,002463.SZ,09:30:36.000,,19.8300,19.7000,19.6900,19.8500,19.6900,0.0000,21.8100,17.8500,221590,4367252.0000,683400,13481276.6000,978,19.6700,19.6600,19.6500,19.6400,19.6300,19.6200,19.6100,19.6000,19.5900,19.5800,1600,261400,14200,3800,3600,12000,23100,17800,3400,7700,19.6900,19.7000,19.7100,19.7200,19.7300,19.7400,19.7500,19.7600,19.7800,19.7900,8437,1300,35000,100,1400,1500,2200,3900,100,1000,1686274237477369
20230609,002463.SZ,09:30:39.000,,19.8300,19.7000,19.6600,19.8500,19.6600,0.0000,21.8100,17.8500,24300,477968.0000,707700,13959244.6000,1011,19.6600,19.6500,19.6400,19.6300,19.6200,19.6100,19.6000,19.5900,19.5800,19.5700,248100,14200,3800,3600,12000,23100,17800,2200,7700,2800,19.6700,19.6900,19.7000,19.7100,19.7200,19.7300,19.7400,19.7500,19.7600,19.7800,17600,2537,1300,35000,4800,7500,1500,2200,3900,100,1686274240473127
20230609,002463.SZ,09:30:42.000,,19.8300,19.7000,19.6600,19.8500,19.6600,0.0000,21.8100,17.8500,37700,741463.2600,745400,14700707.8600,1077,19.6600,19.6500,19.6400,19.6300,19.6200,19.6100,19.6000,19.5900,19.5800,19.5700,234300,14200,3800,3600,12000,23100,18000,2200,7700,2800,19.6700,19.7100,19.7200,19.7300,19.7400,19.7500,19.7600,19.7900,19.8000,19.8100,4100,37,4700,8100,1500,1000,10100,1000,15800,6600,1686274243462985
20230609,002463.SZ,09:30:45.000,,19.8300,19.7000,19.6900,19.8500,19.6600,0.0000,21.8100,17.8500,9200,181020.0000,754600,14881727.8600,1092,19.6900,19.6800,19.6700,19.6600,19.6500,19.6400,19.6300,19.6200,19.6100,19.6000,1000,1200,18100,234400,14200,3800,3600,13500,24300,18000,19.7000,19.7200,19.7300,19.7400,19.7500,19.7600,19.7900,19.8000,19.8100,19.8200,10400,4700,8100,1500,1000,10100,1000,11700,6600,10100,1686274246486993
20230609,002463.SZ,09:30:48.000,,19.8300,19.7000,19.7000,19.8500,19.6600,0.0000,21.8100,17.8500,14400,283348.0000,769000,15165075.8600,1118,19.6800,19.6700,19.6600,19.6500,19.6400,19.6300,19.6200,19.6100,19.6000,19.5900,1700,10900,232900,14200,3800,3600,13500,24300,18000,2200,19.7000,19.7300,19.7400,19.7500,19.7600,19.7900,19.8000,19.8100,19.8200,19.8300,11700,8100,700,1000,9100,1000,11700,6600,10100,4500,1686274249486728
20230609,002463.SZ,09:30:51.000,,19.8300,19.7000,19.7300,19.8500,19.6600,0.0000,21.8100,17.8500,21700,427426.0000,790700,15592501.8600,1152,19.7100,19.7000,19.6900,19.6800,19.6700,19.6600,19.6500,19.6400,19.6300,19.6200,1000,1000,1600,6200,11400,232900,14200,3800,3600,13500,19.7300,19.7400,19.7500,19.7600,19.7800,19.7900,19.8000,19.8100,19.8200,19.8300,5000,500,1000,9100,600,1000,11700,6600,10100,4500,1686274252497493
20230609,002463.SZ,09:30:54.000,,19.8300,19.7000,19.7000,19.8500,19.6600,0.0000,21.8100,17.8500,138500,2731780.0000,929200,18324281.8600,1241,19.7300,19.7200,19.7000,19.6800,19.6700,19.6600,19.6500,19.6400,19.6300,19.6200,700,2300,9200,3100,3100,228600,14200,3800,3600,12000,19.7900,19.8000,19.8100,19.8200,19.8300,19.8400,19.8500,19.8600,19.8700,19.8800,2300,11700,6600,1100,4500,500,3420,1300,1600,3300,1686274255481416
20230609,002463.SZ,09:30:57.000,,19.8300,19.7000,19.7300,19.8500,19.6600,0.0000,21.8100,17.8500,6200,122325.0000,935400,18446606.8600,1255,19.7400,19.7300,19.7200,19.7000,19.6900,19.6800,19.6700,19.6600,19.6500,19.6400,500,600,3600,7400,3500,6300,52600,229000,14200,3800,19.7800,19.7900,19.8000,19.8100,19.8200,19.8300,19.8400,19.8500,19.8600,19.8700,2400,5600,11700,6600,1100,4900,500,3420,1300,1600,1686274258488084
20230609,002463.SZ,09:31:00.000,,19.8300,19.7000,19.7600,19.8500,19.6600,0.0000,21.8100,17.8500,3000,59224.0000,938400,18505830.8600,1268,19.7500,19.7300,19.7200,19.7000,19.6900,19.6800,19.6700,19.6600,19.6500,19.6400,200,1600,3600,8300,3500,6300,54800,229000,14200,3400,19.7600,19.7700,19.7800,19.7900,19.8000,19.8100,19.8200,19.8300,19.8400,19.8500,2100,5400,6500,5300,11700,6600,1100,4900,500,3420,1686274261478021
20230609,002463.SZ,09:31:03.000,,19.8300,19.7000,19.7500,19.8500,19.6600,0.0000,21.8100,17.8500,5900,116496.0000,944300,18622326.8600,1298,19.7300,19.7200,19.7000,19.6900,19.6800,19.6700,19.6600,19.6500,19.6400,19.6300,2800,1400,10700,4500,4200,57400,229000,14300,3400,3600,19.7400,19.7500,19.7700,19.7800,19.7900,19.8000,19.8100,19.8200,19.8300,19.8400,800,4100,5400,6200,4700,11600,6600,1100,4900,500,1686274264496408
20230609,002463.SZ,09:31:06.000,,19.8300,19.7000,19.7500,19.8500,19.6600,0.0000,21.8100,17.8500,11200,221090.0000,955500,18843416.8600,1332,19.7300,19.7200,19.7100,19.7000,19.6900,19.6800,19.6700,19.6600,19.6500,19.6400,1100,1400,3600,15700,5500,4700,57400,228200,14300,3400,19.7500,19.7600,19.7700,19.7800,19.7900,19.8000,19.8100,19.8200,19.8300,19.8400,1700,1200,5400,11200,4700,11600,6600,1100,4900,500,1686274267487157
20230609,002463.SZ,09:31:09.000,,19.8300,19.7000,19.7600,19.8500,19.6600,0.0000,21.8100,17.8500,13700,270510.0000,969200,19113926.8600,1379,19.7600,19.7500,19.7400,19.7300,19.7100,19.7000,19.6900,19.6800,19.6700,19.6600,300,300,600,2700,4700,16700,5500,6200,57400,228200,19.7800,19.7900,19.8000,19.8100,19.8200,19.8300,19.8400,19.8500,19.8600,19.8700,5100,4700,11600,6600,1100,4900,500,3420,1300,1600,1686274270488045
20230609,002463.SZ,09:31:12.000,,19.8300,19.7000,19.7600,19.8500,19.6600,0.0000,21.8100,17.8500,40100,791798.0000,1009300,19905724.8600,1433,19.7300,19.7100,19.7000,19.6900,19.6800,19.6700,19.6600,19.6500,19.6400,19.6300,4300,4700,18700,6000,6200,57400,228200,14300,3400,3600,19.7600,19.7700,19.7800,19.7900,19.8000,19.8100,19.8200,19.8300,19.8400,19.8500,200,1700,300,700,11600,6600,1100,4900,500,3420,1686274273498205
20230609,002463.SZ,09:31:15.000,,19.8300,19.7000,19.7300,19.8500,19.6600,0.0000,21.8100,17.8500,32900,649290.0000,1042200,20555014.8600,1482,19.7100,19.7000,19.6900,19.6800,19.6700,19.6600,19.6500,19.6400,19.6300,19.6200,400,18600,6000,6600,57200,228200,14300,3400,3600,12100,19.7300,19.7400,19.7600,19.7700,19.7800,19.7900,19.8000,19.8100,19.8200,19.8300,500,7400,12000,500,800,5700,10200,6600,1100,4900,1686274276488984
20230609,002463.SZ,09:31:18.000,,19.8300,19.7000,19.7400,19.8500,19.6600,0.0000,21.8100,17.8500,26300,519128.0000,1068500,21074142.8600,1523,19.7400,19.7300,19.7000,19.6900,19.6800,19.6700,19.6600,19.6500,19.6400,19.6300,4000,100,13300,6000,6600,58200,228100,15300,3400,3600,19.7500,19.7600,19.7700,19.7800,19.7900,19.8000,19.8100,19.8200,19.8300,19.8400,1500,4800,1900,800,5700,10200,6600,1100,4900,500,1686274279498137
20230609,002463.SZ,09:31:21.000,,19.8300,19.7000,19.7400,19.8500,19.6600,0.0000,21.8100,17.8500,29200,575736.0000,1097700,21649878.8600,1563,19.7000,19.6900,19.6800,19.6700,19.6600,19.6500,19.6400,19.6300,19.6200,19.6100,2000,6000,6800,58900,228100,15300,3400,3600,12100,23900,19.7300,19.7400,19.7500,19.7600,19.7700,19.7800,19.7900,19.8000,19.8100,19.8200,600,1900,1400,4700,1900,800,3000,10200,6600,1100,1686274282481927
20230609,002463.SZ,09:31:24.000,,19.8300,19.7000,19.7300,19.8500,19.6600,0.0000,21.8100,17.8500,23700,467713.0000,1121400,22117591.8600,1597,19.7000,19.6900,19.6800,19.6700,19.6600,19.6500,19.6400,19.6300,19.6200,19.6100,800,6000,6800,58900,228000,15300,3400,3600,12100,23600,19.7300,19.7500,19.7600,19.7700,19.7800,19.7900,19.8000,19.8100,19.8200,19.8300,2400,3300,2300,1900,800,700,10200,6600,1100,4900,1686274285485627
20230609,002463.SZ,09:31:27.000,,19.8300,19.7000,19.7100,19.8500,19.6600,0.0000,21.8100,17.8500,19900,392420.0000,1141300,22510011.8600,1628,19.6900,19.6800,19.6700,19.6600,19.6500,19.6400,19.6300,19.6200,19.6100,19.6000,6400,4900,58500,228000,19200,3400,3600,12100,23600,27200,19.7100,19.7300,19.7400,19.7500,19.7600,19.7700,19.7800,19.7900,19.8000,19.8100,23100,1900,200,500,1800,1900,800,700,10200,6600,1686274288488403
20230609,002463.SZ,09:31:30.000,,19.8300,19.7000,19.7100,19.8500,19.6600,0.0000,21.8100,17.8500,38500,758714.0000,1179800,23268725.8600,1674,19.6800,19.6700,19.6600,19.6500,19.6400,19.6300,19.6200,19.6100,19.6000,19.5900,4600,60000,228600,19200,3400,3600,12100,23600,26200,2200,19.6900,19.7100,19.7300,19.7400,19.7500,19.7600,19.7700,19.7800,19.7900,19.8000,1800,21700,3700,800,1200,1800,1900,800,700,10200,1686274291495248
20230609,002463.SZ,09:31:33.000,,19.8300,19.7000,19.7000,19.8500,19.6600,0.0000,21.8100,17.8500,90100,1772740.0000,1269900,25041465.8600,1767,19.6600,19.6500,19.6400,19.6300,19.6200,19.6100,19.6000,19.5900,19.5800,19.5700,228600,18200,3400,3600,12100,23600,26300,2200,6300,1800,19.6800,19.6900,19.7000,19.7100,19.7300,19.7400,19.7500,19.7600,19.7700,19.7800,2500,9500,5900,1000,2400,800,21200,1800,1900,800,1686274294479442
20230609,002463.SZ,09:31:36.000,,19.8300,19.7000,19.6800,19.8500,19.6600,0.0000,21.8100,17.8500,28300,557075.0000,1298200,25598540.8600,1807,19.6600,19.6500,19.6400,19.6300,19.6200,19.6100,19.6000,19.5900,19.5800,19.5700,226800,14300,3400,3600,12100,22400,26300,2200,6300,1800,19.6800,19.6900,19.7100,19.7200,19.7300,19.7400,19.7500,19.7600,19.7700,19.7800,800,2200,15700,6900,5100,800,21200,1700,500,800,1686274297487503
20230609,002463.SZ,09:31:39.000,,19.8300,19.7000,19.6800,19.8500,19.6600,0.0000,21.8100,17.8500,16900,332466.0000,1315100,25931006.8600,1832,19.6800,19.6600,19.6500,19.6400,19.6300,19.6200,19.6100,19.6000,19.5900,19.5800,900,219900,15800,3400,3600,12100,22400,26500,2200,6300,19.7000,19.7100,19.7200,19.7300,19.7400,19.7500,19.7600,19.7700,19.7800,19.7900,3900,12200,1200,5100,2200,20800,1700,500,800,700,1686274300485956
20230609,002463.SZ,09:31:42.000,,19.8300,19.7000,19.6800,19.8500,19.6600,0.0000,21.8100,17.8500,27300,537496.0000,1342400,26468502.8600,1873,19.6800,19.6600,19.6500,19.6400,19.6300,19.6200,19.6100,19.6000,19.5900,19.5800,2400,216400,16300,3400,4800,12100,22400,26400,2200,6300,19.7000,19.7100,19.7200,19.7300,19.7400,19.7500,19.7600,19.7700,19.7800,19.7900,300,6400,1200,5300,1600,20800,1700,500,700,600,1686274303486653
20230609,002463.SZ,09:31:45.000,,19.8300,19.7000,19.6800,19.8500,19.6600,0.0000,21.8100,17.8500,19400,382110.0000,1361800,26850612.8600,1910,19.6800,19.6700,19.6600,19.6500,19.6400,19.6300,19.6200,19.6100,19.6000,19.5900,1900,200,222300,16300,3400,4800,12100,22400,27900,2200,19.7000,19.7100,19.7200,19.7300,19.7400,19.7500,19.7600,19.7700,19.7800,19.7900,5300,4200,1200,5600,1600,20800,1700,500,800,600,1686274306485793
20230609,002463.SZ,09:31:48.000,,19.8300,19.7000,19.6800,19.8500,19.6600,0.0000,21.8100,17.8500,14800,291280.0000,1376600,27141892.8600,1943,19.6700,19.6600,19.6500,19.6400,19.6300,19.6200,19.6100,19.6000,19.5900,19.5800,1000,219300,16100,3400,4800,12100,22400,27900,2200,6300,19.6800,19.6900,19.7000,19.7100,19.7200,19.7300,19.7400,19.7500,19.7600,19.7700,2600,100,20900,2700,1200,5100,1600,20800,1700,500,1686274309487435
20230609,002463.SZ,09:31:51.000,,19.8300,19.7000,19.6800,19.8500,19.6600,0.0000,21.8100,17.8500,11300,222314.0000,1387900,27364206.8600,1968,19.6600,19.6500,19.6400,19.6300,19.6200,19.6100,19.6000,19.5900,19.5800,19.5700,217400,16100,3400,3600,12100,22400,28100,2200,6300,1500,19.6800,19.6900,19.7000,19.7100,19.7200,19.7300,19.7400,19.7500,19.7600,19.7700,5500,5000,21000,2700,1200,3000,1600,20800,1700,500,1686274312502665
20230609,002463.SZ,09:31:54.000,,19.8300,19.7000,19.6800,19.8500,19.6600,0.0000,21.8100,17.8500,25400,499810.0000,1413300,27864016.8600,2020,19.6600,19.6500,19.6400,19.6300,19.6200,19.6100,19.6000,19.5900,19.5800,19.5700,218400,16100,3400,3600,12100,21900,27500,2500,6300,1500,19.6800,19.6900,19.7000,19.7100,19.7200,19.7300,19.7400,19.7500,19.7600,19.7700,200,8100,21400,2700,1200,3000,2700,20800,1700,500,1686274315487957
20230609,002463.SZ,09:31:57.000,,19.8300,19.7000,19.6600,19.8500,19.6600,0.0000,21.8100,17.8500,202953,3990206.9800,1616253,31854223.8400,2068,19.6600,19.6500,19.6400,19.6300,19.6200,19.6100,19.6000,19.5900,19.5800,19.5700,30347,16100,3400,3600,12100,21900,27500,2500,6300,1500,19.6800,19.6900,19.7000,19.7100,19.7200,19.7300,19.7400,19.7500,19.7600,19.7700,4600,9100,22200,2700,1200,3000,2700,20800,1700,500,1686274318480300
20230609,002463.SZ,09:32:00.000,,19.8300,19.7000,19.6600,19.8500,19.6600,0.0000,21.8100,17.8500,56947,1119929.4300,1673200,32974153.2700,2172,19.6500,19.6400,19.6300,19.6200,19.6100,19.6000,19.5900,19.5800,19.5700,19.5600,16100,3400,3600,12200,21900,27500,2500,7300,1500,15200,19.6600,19.6900,19.7000,19.7100,19.7200,19.7300,19.7400,19.7500,19.7600,19.7700,7000,1153,26400,2700,1200,300,2700,20900,1700,500,1686274321498660
20230609,002463.SZ,09:32:03.000,,19.8300,19.7000,19.7000,19.8500,19.6400,0.0000,21.8100,17.8500,55000,1081197.4700,1728200,34055350.7400,2273,19.6800,19.6700,19.6600,19.6500,19.6400,19.6300,19.6200,19.6100,19.6000,19.5900,1100,1700,200,200,1500,4800,12200,22000,27500,2500,19.7000,19.7100,19.7200,19.7300,19.7400,19.7500,19.7600,19.7700,19.7800,19.7900,21653,2700,1200,300,2700,20900,1700,500,600,400,1686274324499010
20230609,002463.SZ,09:32:06.000,,19.8300,19.7000,19.7300,19.8500,19.6400,0.0000,21.8100,17.8500,48753,960093.4500,1776953,35015444.1900,2374,19.6800,19.6700,19.6600,19.6500,19.6400,19.6300,19.6200,19.6100,19.6000,19.5900,47,200,7300,3500,11500,4800,17200,22000,27500,7500,19.7300,19.7400,19.7500,19.7600,19.7700,19.7800,19.7900,19.8000,19.8100,19.8200,10200,2700,20900,1700,500,600,400,10500,4600,1100,1686274327499864
20230609,002463.SZ,09:32:09.000,,19.8300,19.7000,19.7100,19.8500,19.6400,0.0000,21.8100,17.8500,47500,935187.9400,1824453,35950632.1300,2419,19.6800,19.6700,19.6600,19.6500,19.6400,19.6300,19.6200,19.6100,19.6000,19.5900,100,500,6247,4200,10000,4800,17100,22000,27700,7500,19.7300,19.7400,19.7500,19.7600,19.7700,19.7800,19.7900,19.8000,19.8100,19.8200,4400,2700,20900,2200,500,600,400,10500,4600,1100,1686274330495102
20230609,002463.SZ,09:32:12.000,,19.8300,19.7000,19.7300,19.8500,19.6400,0.0000,21.8100,17.8500,16100,317544.0000,1840553,36268176.1300,2464,19.6800,19.6700,19.6600,19.6500,19.6400,19.6300,19.6200,19.6100,19.6000,19.5900,3400,1400,6300,8200,10000,4800,17100,22100,29700,7000,19.7500,19.7600,19.7700,19.7800,19.7900,19.8000,19.8100,19.8200,19.8300,19.8400,17300,2200,500,600,400,9000,4600,1100,5100,400,1686274333478677
20230609,002463.SZ,09:32:15.000,,19.8300,19.7000,19.6800,19.8500,19.6400,0.0000,21.8100,17.8500,54000,1064784.0000,1894553,37332960.1300,2511,19.6800,19.6700,19.6600,19.6500,19.6400,19.6300,19.6200,19.6100,19.6000,19.5900,2400,3800,6600,12300,10000,5000,12100,22200,30100,4000,19.7500,19.7600,19.7700,19.7800,19.7900,19.8000,19.8100,19.8200,19.8300,19.8400,7100,2200,500,600,400,9000,4600,1100,5100,400,1686274336476840
20230609,002463.SZ,09:32:18.000,,19.8300,19.7000,19.7800,19.8500,19.6400,0.0000,21.8100,17.8500,20500,404721.0000,1915053,37737681.1300,2548,19.7100,19.7000,19.6800,19.6700,19.6600,19.6500,19.6400,19.6300,19.6200,19.6100,100,900,4200,4900,6800,14500,10000,5000,12100,22200,19.7500,19.7700,19.7800,19.7900,19.8000,19.8100,19.8200,19.8300,19.8400,19.8500,1000,300,900,1100,9000,4600,1100,5100,400,3520,1686274339478421
20230609,002463.SZ,09:32:21.000,,19.8300,19.7000,19.7500,19.8500,19.6400,0.0000,21.8100,17.8500,18200,358973.0000,1933253,38096654.1300,2579,19.7300,19.7000,19.6900,19.6800,19.6700,19.6600,19.6500,19.6400,19.6300,19.6200,2600,5200,4900,4300,10600,9400,14500,10000,5000,12100,19.7400,19.7500,19.7700,19.7800,19.7900,19.8000,19.8100,19.8200,19.8300,19.8400,2300,400,300,300,1100,9000,4600,1100,5100,400,1686274342486990
20230609,002463.SZ,09:32:24.000,,19.8300,19.7000,19.7400,19.8500,19.6400,0.0000,21.8100,17.8500,44400,875010.0000,1977653,38971664.1300,2645,19.7400,19.6900,19.6800,19.6700,19.6600,19.6500,19.6400,19.6300,19.6200,19.6100,7200,2700,24900,16400,20900,15800,10000,5000,12100,21700,19.7600,19.7700,19.7800,19.7900,19.8000,19.8100,19.8200,19.8300,19.8400,19.8500,900,1000,300,1100,9000,4600,1100,5100,400,3720,1686274345495821
20230609,002463.SZ,09:32:27.000,,19.8300,19.7000,19.7400,19.8500,19.6400,0.0000,21.8100,17.8500,18500,365158.0000,1996153,39336822.1300,2669,19.7400,19.7200,19.7000,19.6800,19.6700,19.6600,19.6500,19.6400,19.6300,19.6200,8200,200,8800,18200,18600,26700,15800,10000,5000,12100,19.7500,19.7700,19.7800,19.7900,19.8000,19.8100,19.8200,19.8300,19.8400,19.8500,1000,900,300,3400,9000,4600,1100,5100,400,3720,1686274348488150
20230609,002463.SZ,09:32:30.000,,19.8300,19.7000,19.7400,19.8500,19.6400,0.0000,21.8100,17.8500,16000,315962.0000,2012153,39652784.1300,2687,19.7400,19.7200,19.7100,19.7000,19.6800,19.6700,19.6600,19.6500,19.6400,19.6300,7700,200,5000,9300,19100,20100,28000,41600,10000,5000,19.7500,19.7800,19.7900,19.8000,19.8100,19.8200,19.8300,19.8400,19.8500,19.8600,500,300,3400,9000,4600,1100,5100,400,3720,1300,1686274351489103
20230609,002463.SZ,09:32:33.000,,19.8300,19.7000,19.7600,19.8500,19.6400,0.0000,21.8100,17.8500,3500,69109.0000,2015653,39721893.1300,2698,19.7600,19.7500,19.7400,19.7200,19.7100,19.7000,19.6800,19.6700,19.6600,19.6500,7400,10900,6900,200,5000,10500,17500,14400,22900,36600,19.7800,19.7900,19.8000,19.8100,19.8200,19.8300,19.8400,19.8500,19.8600,19.8700,400,3300,9000,4600,1100,5100,400,3920,1300,300,1686274354499171
20230609,002463.SZ,09:32:36.000,,19.8300,19.7000,19.7600,19.8500,19.6400,0.0000,21.8100,17.8500,11700,231302.0000,2027353,39953195.1300,2717,19.7600,19.7500,19.7400,19.7200,19.7100,19.7000,19.6900,19.6800,19.6700,19.6600,1500,14700,6900,200,5000,20700,3500,17500,14400,26400,19.7800,19.7900,19.8000,19.8100,19.8200,19.8300,19.8400,19.8500,19.8600,19.8700,500,600,10000,5100,1100,5100,400,3920,1300,300,1686274357500468
20230609,002463.SZ,09:32:39.000,,19.8300,19.7000,19.7500,19.8500,19.6400,0.0000,21.8100,17.8500,8500,167985.0000,2035853,40121180.1300,2726,19.7600,19.7500,19.7400,19.7200,19.7100,19.7000,19.6900,19.6800,19.6700,19.6600,3900,15900,7300,200,5000,21200,3500,6800,14400,26400,19.7800,19.7900,19.8000,19.8100,19.8200,19.8300,19.8400,19.8500,19.8600,19.8700,1100,600,10000,5100,1100,5100,400,3920,1300,300,1686274360487633
20230609,002463.SZ,09:32:42.000,,19.8300,19.7000,19.7700,19.8500,19.6400,0.0000,21.8100,17.8500,7600,150173.0000,2043453,40271353.1300,2740,19.7500,19.7400,19.7200,19.7100,19.7000,19.6900,19.6800,19.6700,19.6600,19.6500,14300,3000,200,5000,21200,3500,6800,12500,26400,32700,19.7600,19.7700,19.7800,19.7900,19.8000,19.8100,19.8200,19.8300,19.8400,19.8500,100,200,1700,700,10100,5100,1100,5100,400,3920,1686274363493854
20230609,002463.SZ,09:32:45.000,,19.8300,19.7000,19.7600,19.8500,19.6400,0.0000,21.8100,17.8500,22700,448440.0000,2066153,40719793.1300,2773,19.7400,19.7200,19.7000,19.6900,19.6800,19.6700,19.6600,19.6500,19.6300,19.6200,3300,8000,26700,3500,6800,12500,23300,32700,5000,12100,19.7500,19.7600,19.7700,19.7800,19.7900,19.8000,19.8100,19.8200,19.8300,19.8400,100,17226,1100,3300,13000,10100,5100,1100,5100,400,1686274366486590
20230609,002463.SZ,09:32:48.000,,19.8300,19.7000,19.7500,19.8500,19.6400,0.0000,21.8100,17.8500,43200,853506.4800,2109353,41573299.6100,2824,19.7200,19.7000,19.6900,19.6800,19.6700,19.6600,19.6500,19.6300,19.6200,19.6100,9000,29400,3500,5500,12500,23300,32700,5000,12100,22900,19.7500,19.7600,19.7700,19.7800,19.7900,19.8000,19.8100,19.8200,19.8300,19.8400,26200,500,2800,14826,13300,10100,5100,1100,5100,400,1686274369476436
20230609,002463.SZ,09:32:51.000,,19.8300,19.7000,19.7200,19.8500,19.6400,0.0000,21.8100,17.8500,53800,1062519.0000,2163153,42635818.6100,2863,19.7200,19.7000,19.6900,19.6800,19.6700,19.6600,19.6500,19.6300,19.6200,19.6100,2500,29400,3500,5200,12500,23800,32700,5000,12100,22900,19.7400,19.7500,19.7700,19.7800,19.7900,19.8000,19.8100,19.8200,19.8300,19.8400,900,8600,800,8426,13300,10100,5100,1100,5100,400,1686274372479699
20230609,002463.SZ,09:32:54.000,,19.8300,19.7000,19.7200,19.8500,19.6400,0.0000,21.8100,17.8500,17500,345258.0000,2180653,42981076.6100,2891,19.7000,19.6900,19.6800,19.6700,19.6600,19.6500,19.6300,19.6200,19.6100,19.6000,28100,500,5200,12500,24100,32700,5000,12100,22900,35000,19.7200,19.7400,19.7500,19.7700,19.7800,19.7900,19.8000,19.8100,19.8200,19.8300,4900,24900,8900,800,8426,13300,10100,5100,1100,5100,1686274375494265
20230609,002463.SZ,09:32:57.000,,19.8300,19.7000,19.7000,19.8500,19.6400,0.0000,21.8100,17.8500,16700,329114.0000,2197353,43310190.6100,2929,19.7000,19.6900,19.6800,19.6700,19.6600,19.6500,19.6300,19.6200,19.6100,19.6000,20700,500,5300,12800,22800,32700,5000,12100,22900,35000,19.7200,19.7400,19.7500,19.7600,19.7700,19.7800,19.7900,19.8000,19.8100,19.8200,7174,24900,8900,1400,800,8426,13800,14200,5100,1100,1686274378479701
20230609,002463.SZ,09:33:00.000,,19.8300,19.7000,19.7000,19.8500,19.6400,0.0000,21.8100,17.8500,46500,916076.0000,2243853,44226266.6100,2957,19.6900,19.6800,19.6700,19.6600,19.6500,19.6300,19.6200,19.6100,19.6000,19.5900,500,5400,7600,22800,32700,5000,15100,22900,36000,5700,19.7000,19.7200,19.7400,19.7500,19.7600,19.7700,19.7800,19.7900,19.8000,19.8100,9100,6574,26600,9400,1400,800,9426,13400,14200,5100,1686274381486119
20230609,002463.SZ,09:33:03.000,,19.8300,19.7000,19.7000,19.8500,19.6400,0.0000,21.8100,17.8500,30600,603034.0000,2274453,44829300.6100,3019,19.6700,19.6600,19.6500,19.6300,19.6200,19.6100,19.6000,19.5900,19.5800,19.5700,5700,22800,31500,5000,15100,22900,36000,5700,8600,1700,19.7000,19.7400,19.7500,19.7700,19.7800,19.7900,19.8000,19.8100,19.8200,19.8300,5800,21500,9400,800,9426,13300,14200,5100,1100,5100,1686274384499691
20230609,002463.SZ,09:33:06.000,,19.8300,19.7000,19.6600,19.8500,19.6400,0.0000,21.8100,17.8500,46200,909208.0000,2320653,45738508.6100,3106,19.6600,19.6500,19.6400,19.6300,19.6200,19.6100,19.6000,19.5900,19.5800,19.5700,500,31400,200,5000,15100,22900,38600,5700,8600,1700,19.6900,19.7000,19.7300,19.7400,19.7500,19.7700,19.7800,19.7900,19.8000,19.8100,1000,300,600,16100,800,800,3300,13300,14200,5100,1686274387488148
20230609,002463.SZ,09:33:09.000,,19.8300,19.7000,19.6400,19.8500,19.6100,0.0000,21.8100,17.8500,71100,1396205.0000,2391753,47134713.6100,3158,19.6100,19.6000,19.5900,19.5800,19.5700,19.5600,19.5500,19.5400,19.5300,19.5200,8800,38600,5700,8600,1700,16800,34500,9500,19300,10800,19.6300,19.6400,19.6500,19.6600,19.6700,19.6800,19.6900,19.7000,19.7300,19.7400,600,1300,25354,1000,300,800,3300,1600,7000,16100,1686274390486822
20230609,002463.SZ,09:33:12.000,,19.8300,19.7000,19.6500,19.8500,19.6100,0.0000,21.8100,17.8500,29400,577467.0000,2421153,47712180.6100,3204,19.6100,19.6000,19.5900,19.5800,19.5700,19.5600,19.5500,19.5400,19.5300,19.5200,3600,38600,5700,8600,1700,16800,34500,9500,19300,10800,19.6500,19.6600,19.6700,19.6800,19.6900,19.7000,19.7300,19.7400,19.7500,19.7600,5300,6700,300,4500,3300,2100,7000,16100,500,200,1686274393485910
20230609,002463.SZ,09:33:15.000,,19.8300,19.7000,19.6200,19.8500,19.6100,0.0000,21.8100,17.8500,39300,771902.3000,2460453,48484082.9100,3261,19.6200,19.6100,19.6000,19.5900,19.5800,19.5700,19.5600,19.5500,19.5400,19.5300,1600,4400,38300,6200,8600,1700,16800,34500,9500,19300,19.6700,19.6900,19.7000,19.7200,19.7300,19.7400,19.7500,19.7600,19.7700,19.7800,500,3300,2100,20000,7000,16100,500,200,2600,3300,1686274396489811
20230609,002463.SZ,09:33:18.000,,19.8300,19.7000,19.6700,19.8500,19.6100,0.0000,21.8100,17.8500,8800,173015.0000,2469253,48657097.9100,3287,19.6600,19.6500,19.6400,19.6300,19.6200,19.6100,19.6000,19.5900,19.5800,19.5700,600,12300,6500,2200,2700,14200,48300,6200,11600,1700,19.6900,19.7000,19.7100,19.7200,19.7300,19.7400,19.7500,19.7600,19.7700,19.7800,2100,2200,100,20100,7000,16100,500,200,2600,3300,1686274399491546
20230609,002463.SZ,09:33:21.000,,19.8300,19.7000,19.6600,19.8500,19.6000,0.0000,21.8100,17.8500,81700,1603130.0000,2550953,50260227.9100,3367,19.6600,19.6500,19.6400,19.6300,19.6200,19.6100,19.6000,19.5900,19.5800,19.5700,5700,600,200,300,31300,7300,21700,6200,11700,1700,19.6900,19.7000,19.7100,19.7200,19.7300,19.7400,19.7500,19.7600,19.7700,19.7800,2300,2300,100,20100,7000,16100,500,200,2400,2100,1686274402488681
20230609,002463.SZ,09:33:24.000,,19.8300,19.7000,19.6600,19.8500,19.6000,0.0000,21.8100,17.8500,19500,383668.0000,2570453,50643895.9100,3409,19.6400,19.6300,19.6200,19.6100,19.6000,19.5900,19.5800,19.5700,19.5600,19.5500,600,1300,27400,8200,23900,5700,11700,1700,16400,34500,19.6600,19.7100,19.7200,19.7300,19.7400,19.7500,19.7600,19.7700,19.7800,19.7900,200,2000,19500,7000,16100,500,200,3000,2100,2000,1686274405474628
20230609,002463.SZ,09:33:27.000,,19.8300,19.7000,19.6500,19.8500,19.6000,0.0000,21.8100,17.8500,8100,159157.0000,2578553,50803052.9100,3441,19.6300,19.6200,19.6100,19.6000,19.5900,19.5800,19.5700,19.5600,19.5500,19.5400,2300,18300,8500,23900,5700,11700,1700,16400,34500,8500,19.6500,19.6600,19.6700,19.6800,19.6900,19.7100,19.7200,19.7300,19.7400,19.7500,3500,18300,600,29000,400,2000,19500,7000,16100,900,1686274408489617
20230609,002463.SZ,09:33:30.000,,19.8300,19.7000,19.6800,19.8500,19.6000,0.0000,21.8100,17.8500,39800,782571.0000,2618353,51585623.9100,3479,19.6500,19.6400,19.6300,19.6200,19.6100,19.6000,19.5900,19.5800,19.5700,19.5600,1000,1900,3800,16800,9600,25500,5700,11700,1700,16400,19.6600,19.6800,19.6900,19.7000,19.7100,19.7200,19.7300,19.7400,19.7500,19.7600,3900,21000,800,900,2000,19500,7000,15900,900,200,1686274411491338
20230609,002463.SZ,09:33:33.000,,19.8300,19.7000,19.6600,19.8500,19.6000,0.0000,21.8100,17.8500,56600,1112700.0000,2674953,52698323.9100,3520,19.6500,19.6400,19.6300,19.6200,19.6100,19.6000,19.5900,19.5800,19.5700,19.5600,2700,200,6000,17900,9700,25500,5700,11700,1700,16400,19.6600,19.6800,19.6900,19.7000,19.7100,19.7200,19.7300,19.7400,19.7500,19.7600,26800,8900,600,900,2000,19500,7000,15900,900,200,1686274414479467
20230609,002463.SZ,09:33:36.000,,19.8300,19.7000,19.6300,19.8500,19.6000,0.0000,21.8100,17.8500,28500,560045.0000,2703453,53258368.9100,3552,19.6300,19.6200,19.6100,19.6000,19.5900,19.5800,19.5700,19.5600,19.5500,19.5400,12300,17900,10200,25500,5700,11800,1700,16400,35900,8500,19.6500,19.6600,19.6700,19.6800,19.6900,19.7000,19.7100,19.7200,19.7300,19.7400,4600,14300,400,8900,600,900,2000,19500,7000,15900,1686274417496817
20230609,002463.SZ,09:33:39.000,,19.8300,19.7000,19.6500,19.8500,19.6000,0.0000,21.8100,17.8500,23700,465511.0000,2727153,53723879.9100,3567,19.6300,19.6200,19.6100,19.6000,19.5900,19.5800,19.5700,19.5600,19.5500,19.5400,4100,18500,17500,25900,5700,11800,1700,16400,35900,8500,19.6500,19.6600,19.6700,19.6800,19.6900,19.7000,19.7100,19.7200,19.7300,19.7400,5200,10700,400,8900,500,900,2000,19900,7000,15900,1686274420488509
20230609,002463.SZ,09:33:42.000,,19.8300,19.7000,19.6300,19.8500,19.6000,0.0000,21.8100,17.8500,12354,242680.0200,2739507,53966559.9300,3587,19.6300,19.6200,19.6100,19.6000,19.5900,19.5800,19.5700,19.5600,19.5500,19.5400,5346,7800,17700,25000,5700,11200,1700,16400,35900,8500,19.6400,19.6500,19.6600,19.6700,19.6800,19.6900,19.7000,19.7100,19.7200,19.7300,300,33400,10700,2400,9100,500,900,2000,19900,7000,1686274423478518
20230609,002463.SZ,09:33:45.000,,19.8300,19.7000,19.6300,19.8500,19.6000,0.0000,21.8100,17.8500,22100,433812.4600,2761607,54400372.3900,3621,19.6200,19.6100,19.6000,19.5900,19.5800,19.5700,19.5600,19.5500,19.5400,19.5300,7246,17700,28900,5700,11200,1700,16400,35900,8500,19400,19.6300,19.6400,19.6500,19.6600,19.6700,19.6800,19.6900,19.7000,19.7100,19.7200,26000,15900,36200,12700,2400,8900,500,900,2000,19900,1686274426490005
20230609,002463.SZ,09:33:48.000,,19.8300,19.7000,19.6100,19.8500,19.6000,0.0000,21.8100,17.8500,57700,1132345.4600,2819307,55532717.8500,3682,19.6100,19.6000,19.5900,19.5800,19.5700,19.5600,19.5500,19.5400,19.5300,19.5200,4346,27900,5700,11200,5300,16400,35900,8500,19400,10500,19.6200,19.6300,19.6400,19.6500,19.6600,19.6700,19.6800,19.6900,19.7000,19.7100,600,17900,15900,38000,10200,2400,8900,500,900,2500,1686274429487971
20230609,002463.SZ,09:33:51.000,,19.8300,19.7000,19.6100,19.8500,19.6000,0.0000,21.8100,17.8500,16646,326521.0600,2835953,55859238.9100,3703,19.6000,19.5900,19.5800,19.5700,19.5600,19.5500,19.5400,19.5300,19.5200,19.5100,27300,5700,7700,5300,21400,35900,8500,19400,10500,47600,19.6100,19.6200,19.6300,19.6400,19.6500,19.6600,19.6700,19.6800,19.6900,19.7000,2654,8900,73100,15900,38000,9000,2400,9900,500,200,1686274432489467
20230609,002463.SZ,09:33:54.000,,19.8300,19.7000,19.6000,19.8500,19.6000,0.0000,21.8100,17.8500,40000,784155.4600,2875953,56643394.3700,3757,19.5900,19.5800,19.5700,19.5600,19.5500,19.5400,19.5300,19.5200,19.5100,19.5000,5700,7700,7300,21400,36500,8600,19400,10500,47600,47900,19.6000,19.6100,19.6200,19.6300,19.6400,19.6500,19.6600,19.6700,19.6800,19.6900,2100,3100,6300,74500,15900,35500,8200,2600,10000,500,1686274435477760
20230609,002463.SZ,09:33:57.000,,19.8300,19.7000,19.5800,19.8500,19.5800,0.0000,21.8100,17.8500,25800,505479.0000,2901753,57148873.3700,3800,19.5700,19.5600,19.5500,19.5400,19.5300,19.5200,19.5100,19.5000,19.4900,19.4800,7800,21400,36500,8600,19400,10500,46600,48600,600,5700,19.5800,19.6000,19.6100,19.6200,19.6300,19.6400,19.6500,19.6600,19.6700,19.6800,6300,1800,8400,38500,67700,15900,35300,8500,2600,10000,1686274438486028
20230609,002463.SZ,09:34:00.000,,19.8300,19.7000,19.6000,19.8500,19.5700,0.0000,21.8100,17.8500,31600,619190.0000,2933353,57768063.3700,3833,19.5700,19.5600,19.5500,19.5400,19.5300,19.5200,19.5100,19.5000,19.4900,19.4800,6300,21100,36500,8600,19400,10500,46600,48700,600,5700,19.5900,19.6000,19.6100,19.6200,19.6300,19.6400,19.6500,19.6600,19.6700,19.6800,400,3700,600,48800,68000,5900,35300,8700,2600,1100,1686274441476916
20230609,002463.SZ,09:34:03.000,,19.8300,19.7000,19.5700,19.8500,19.5700,0.0000,21.8100,17.8500,8800,172217.0000,2942153,57940280.3700,3852,19.5600,19.5500,19.5400,19.5300,19.5200,19.5100,19.5000,19.4900,19.4800,19.4700,21100,34400,8900,19400,10500,46800,46700,600,5700,500,19.5700,19.5800,19.5900,19.6000,19.6100,19.6200,19.6300,19.6400,19.6500,19.6600,5900,4800,33300,5400,2000,48500,66600,5700,32300,8700,1686274444488474
20230609,002463.SZ,09:34:06.000,,19.8300,19.7000,19.5700,19.8500,19.5600,0.0000,21.8100,17.8500,33600,657581.0000,2975753,58597861.3700,3889,19.5600,19.5500,19.5400,19.5300,19.5200,19.5100,19.5000,19.4900,19.4800,19.4700,20900,32400,8900,19400,10500,45800,46200,600,7000,500,19.5700,19.5800,19.5900,19.6000,19.6100,19.6200,19.6300,19.6500,19.6600,19.6700,26000,700,30500,7800,4000,48500,66600,32300,8700,2600,1686274447488887
20230609,002463.SZ,09:34:09.000,,19.8300,19.7000,19.5700,19.8500,19.5600,0.0000,21.8100,17.8500,133200,2608134.0000,3108953,61205995.3700,3981,19.5800,19.5700,19.5600,19.5500,19.5400,19.5300,19.5200,19.5100,19.5000,19.4900,3400,11300,11000,32400,9900,19400,10500,45600,48200,600,19.6200,19.6300,19.6500,19.6600,19.6700,19.6800,19.6900,19.7000,19.7100,19.7200,46500,66500,32300,8700,2600,2100,100,1300,2000,19900,1686274450479801
20230609,002463.SZ,09:34:12.000,,19.8300,19.7000,19.6300,19.8500,19.5600,0.0000,21.8100,17.8500,214600,4212346.0000,3323553,65418341.3700,4086,19.6200,19.6100,19.6000,19.5900,19.5800,19.5700,19.5600,19.5500,19.5400,19.5300,7200,900,1400,1600,3400,14500,15500,36300,10500,19400,19.6700,19.6800,19.6900,19.7000,19.7100,19.7200,19.7300,19.7400,19.7500,19.7600,2800,2000,100,1300,600,19900,5600,14200,900,200,1686274453489720
20230609,002463.SZ,09:34:15.000,,19.8300,19.7000,19.6200,19.8500,19.5600,0.0000,21.8100,17.8500,32300,633667.0000,3355853,66052008.3700,4113,19.5900,19.5800,19.5700,19.5600,19.5500,19.5400,19.5300,19.5200,19.5100,19.5000,8800,8400,20100,15200,37400,11000,19600,10500,46600,48700,19.6400,19.6500,19.6600,19.6700,19.6800,19.6900,19.7000,19.7100,19.7200,19.7300,1100,500,18700,2800,2200,100,1300,600,19900,5600,1686274456477541
20230609,002463.SZ,09:34:18.000,,19.8300,19.7000,19.5800,19.8500,19.5600,0.0000,21.8100,17.8500,20100,393633.0000,3375953,66445641.3700,4138,19.5800,19.5700,19.5600,19.5500,19.5400,19.5300,19.5200,19.5100,19.5000,19.4900,1000,26000,15200,38700,11700,19600,10500,46900,49300,3800,19.5900,19.6000,19.6100,19.6200,19.6400,19.6500,19.6600,19.6700,19.6800,19.6900,6800,500,900,35554,1100,500,18700,2800,2200,5100,1686274459476628
20230609,002463.SZ,09:34:21.000,,19.8300,19.7000,19.5900,19.8500,19.5600,0.0000,21.8100,17.8500,16000,313428.0000,3391953,66759069.3700,4164,19.5700,19.5600,19.5500,19.5400,19.5300,19.5200,19.5100,19.5000,19.4900,19.4800,26700,22100,36400,11600,19600,10500,46900,49600,3800,7000,19.5900,19.6100,19.6200,19.6300,19.6400,19.6600,19.6700,19.6800,19.6900,19.7000,500,1700,41800,300,600,16300,2300,2200,5100,1300,1686274462479594
20230609,002463.SZ,09:34:24.000,,19.8300,19.7000,19.5600,19.8500,19.5400,0.0000,21.8100,17.8500,149700,2928128.0000,3541653,69687197.3700,4290,19.5300,19.5200,19.5100,19.5000,19.4900,19.4800,19.4700,19.4600,19.4500,19.4400,31700,10500,46100,49500,3800,7000,1900,14400,12900,8000,19.5600,19.5700,19.5800,19.5900,19.6100,19.6200,19.6300,19.6400,19.6500,19.6600,500,10700,2500,100,1700,39600,300,600,300,16300,1686274465464889
20230609,002463.SZ,09:34:27.000,,19.8300,19.7000,19.5700,19.8500,19.5300,0.0000,21.8100,17.8500,68000,1328910.0000,3609653,71016107.3700,4333,19.5300,19.5200,19.5100,19.5000,19.4900,19.4800,19.4700,19.4600,19.4500,19.4400,300,10500,46100,53600,3800,7000,1900,14400,12900,8000,19.5700,19.5800,19.5900,19.6000,19.6200,19.6300,19.6400,19.6500,19.6600,19.6700,4700,6800,6600,1400,40400,300,600,300,16300,2300,1686274468488939
20230609,002463.SZ,09:34:30.000,,19.8300,19.7000,19.5300,19.8500,19.5200,0.0000,21.8100,17.8500,65700,1284071.0000,3675353,72300178.3700,4424,19.5600,19.5300,19.5200,19.5100,19.5000,19.4900,19.4800,19.4700,19.4600,19.4500,300,1400,10700,49300,54300,3800,7000,1900,14400,12900,19.5700,19.5900,19.6000,19.6200,19.6300,19.6400,19.6500,19.6600,19.6700,19.6800,200,900,2400,40900,300,600,600,10400,2300,2200,1686274471486592
20230609,002463.SZ,09:34:33.000,,19.8300,19.7000,19.5300,19.8500,19.5100,0.0000,21.8100,17.8500,36400,710832.0000,3711753,73011010.3700,4471,19.5200,19.5100,19.5000,19.4900,19.4800,19.4700,19.4600,19.4500,19.4400,19.4300,24100,49300,57800,3800,7000,1900,14800,12900,9000,8200,19.5300,19.5600,19.5700,19.5900,19.6000,19.6200,19.6300,19.6400,19.6500,19.6600,3400,2200,3100,2200,2900,37100,800,600,600,10400,1686274474488840
20230609,002463.SZ,09:34:36.000,,19.8300,19.7000,19.5500,19.8500,19.5100,0.0000,21.8100,17.8500,86000,1680774.0000,3797753,74691784.3700,4533,19.5500,19.5300,19.5200,19.5100,19.5000,19.4900,19.4800,19.4700,19.4600,19.4500,200,6300,23700,51700,57900,8800,8400,2100,14800,12900,19.5600,19.5700,19.5800,19.5900,19.6000,19.6200,19.6300,19.6400,19.6500,19.6600,300,1000,6800,2200,3300,37700,800,600,300,10400,1686274477488628
20230609,002463.SZ,09:34:39.000,,19.8300,19.7000,19.5300,19.8500,19.5100,0.0000,21.8100,17.8500,62500,1220186.0000,3860253,75911970.3700,4597,19.5200,19.5100,19.5000,19.4900,19.4800,19.4700,19.4600,19.4500,19.4400,19.4300,10000,36400,57700,8800,8400,2100,14800,12900,9000,8200,19.5300,19.5600,19.5700,19.5800,19.5900,19.6000,19.6200,19.6300,19.6400,19.6500,1100,1000,400,6800,2200,3300,37700,800,600,300,1686274480481695
20230609,002463.SZ,09:34:42.000,,19.8300,19.7000,19.5200,19.8500,19.5100,0.0000,21.8100,17.8500,45754,893062.4600,3906007,76805032.8300,4644,19.5100,19.5000,19.4900,19.4800,19.4700,19.4600,19.4500,19.4400,19.4300,19.4200,32646,54400,8800,8900,2100,14800,12900,9000,8200,800,19.5200,19.5500,19.5600,19.5700,19.5800,19.5900,19.6000,19.6200,19.6300,19.6400,3900,16400,900,400,6800,2200,3300,34900,800,600,1686274483468197
20230609,002463.SZ,09:34:45.000,,19.8300,19.7000,19.5200,19.8500,19.5000,0.0000,21.8100,17.8500,90800,1772681.4600,3996807,78577714.2900,4751,19.5100,19.5000,19.4900,19.4800,19.4700,19.4600,19.4500,19.4400,19.4300,19.4200,6200,35546,8800,9700,2600,14800,12900,9000,8200,800,19.5200,19.5500,19.5600,19.5700,19.5800,19.5900,19.6000,19.6200,19.6300,19.6400,3200,14900,7600,2100,6800,2000,3300,35500,800,600,1686274486489782
20230609,002463.SZ,09:34:48.000,,19.8300,19.7000,19.5100,19.8500,19.5000,0.0000,21.8100,17.8500,105900,2066975.0000,4102707,80644689.2900,4873,19.5100,19.5000,19.4900,19.4800,19.4700,19.4600,19.4500,19.4400,19.4300,19.4200,100,22646,8800,12600,2600,14800,12900,9000,11200,800,19.5600,19.5700,19.5800,19.5900,19.6000,19.6200,19.6300,19.6400,19.6500,19.6700,8400,800,6800,3000,5300,35500,500,600,300,3300,1686274489492678
20230609,002463.SZ,09:34:51.000,,19.8300,19.7000,19.5300,19.8500,19.5000,0.0000,21.8100,17.8500,61700,1204968.0000,4164407,81849657.2900,4919,19.5300,19.5200,19.5100,19.5000,19.4900,19.4800,19.4700,19.4600,19.4500,19.4400,500,3800,7000,23646,12500,13600,2600,14800,12900,9000,19.5800,19.5900,19.6000,19.6200,19.6300,19.6400,19.6500,19.6700,19.6800,19.6900,700,2900,5300,35300,500,600,300,3300,2000,100,1686274492489474
20230609,002463.SZ,09:34:54.000,,19.8300,19.7000,19.5800,19.8500,19.5000,0.0000,21.8100,17.8500,36500,712660.0000,4200907,82562317.2900,4970,19.5600,19.5200,19.5100,19.5000,19.4900,19.4800,19.4700,19.4600,19.4500,19.4400,500,6500,29900,23646,14500,13700,2600,14800,12900,9000,19.5800,19.5900,19.6000,19.6200,19.6300,19.6400,19.6500,19.6700,19.6800,19.6900,9000,2900,5300,35300,500,600,300,3300,2700,100,1686274495488502
20230609,002463.SZ,09:34:57.000,,19.8300,19.7000,19.6100,19.8500,19.5000,0.0000,21.8100,17.8500,54900,1074340.0000,4255807,83636657.2900,5030,19.5700,19.5600,19.5500,19.5400,19.5300,19.5200,19.5100,19.5000,19.4900,19.4800,4200,400,300,12000,29300,13800,34300,28946,14500,13700,19.6100,19.6200,19.6300,19.6400,19.6500,19.6700,19.6800,19.6900,19.7000,19.7200,800,29800,500,600,300,3300,2700,100,2400,19900,1686274498492486
20230609,002463.SZ,09:35:00.000,,19.8300,19.7000,19.5800,19.8500,19.5000,0.0000,21.8100,17.8500,59000,1157287.0000,4314807,84793944.2900,5087,19.5900,19.5800,19.5700,19.5600,19.5500,19.5400,19.5300,19.5200,19.5100,19.5000,3300,8000,900,3500,200,11800,2000,13800,14500,29546,19.6400,19.6500,19.6700,19.6800,19.6900,19.7000,19.7200,19.7300,19.7400,19.7500,500,1600,3300,2700,100,2400,19900,5000,11200,1900,1686274501492380
20230609,002463.SZ,09:35:03.000,,19.8300,19.7000,19.6100,19.8500,19.5000,0.0000,21.8100,17.8500,9700,190161.0000,4324507,84984105.2900,5100,19.6100,19.5900,19.5800,19.5700,19.5600,19.5500,19.5400,19.5300,19.5200,19.5100,400,2200,9900,1700,3600,200,11600,2200,8600,16400,19.6300,19.6400,19.6500,19.6700,19.6800,19.6900,19.7000,19.7200,19.7300,19.7400,200,400,1600,3300,2700,100,2200,19900,5000,11200,1686274504501463
20230609,002463.SZ,09:35:06.000,,19.8300,19.7000,19.5800,19.8500,19.5000,0.0000,21.8100,17.8500,48300,946683.0000,4372807,85930788.2900,5164,19.5700,19.5600,19.5400,19.5300,19.5200,19.5100,19.5000,19.4900,19.4800,19.4700,1600,3700,11600,900,11800,16600,33946,14700,12700,3000,19.5800,19.5900,19.6000,19.6100,19.6300,19.6400,19.6500,19.6700,19.6800,19.6900,600,2500,3200,100,300,2100,1200,3300,2700,100,1686274507503681
20230609,002463.SZ,09:35:09.000,,19.8300,19.7000,19.5300,19.8500,19.5000,0.0000,21.8100,17.8500,47200,923354.0000,4420007,86854142.2900,5223,19.5200,19.5100,19.5000,19.4900,19.4800,19.4700,19.4600,19.4500,19.4400,19.4300,10900,19500,33846,15200,12700,3200,13600,14800,9000,8200,19.5500,19.5600,19.5700,19.5800,19.5900,19.6000,19.6100,19.6200,19.6300,19.6400,400,2200,1000,400,1200,17100,2800,3000,500,3300,1686274510502861
20230609,002463.SZ,09:35:12.000,,19.8300,19.7000,19.5700,19.8500,19.5000,0.0000,21.8100,17.8500,43400,848160.0000,4463407,87702302.2900,5286,19.5400,19.5200,19.5100,19.5000,19.4900,19.4800,19.4700,19.4600,19.4500,19.4400,1000,18600,15900,33046,15200,13000,3200,13600,14800,9000,19.5700,19.5800,19.5900,19.6000,19.6100,19.6200,19.6300,19.6400,19.6500,19.6700,4100,500,1600,7000,2100,4100,900,3300,1300,3300,1686274513489455
20230609,002463.SZ,09:35:15.000,,19.8300,19.7000,19.5200,19.8500,19.5000,0.0000,21.8100,17.8500,30500,596563.0000,4493907,88298865.2900,5316,19.5300,19.5200,19.5100,19.5000,19.4900,19.4800,19.4700,19.4600,19.4500,19.4400,7800,28300,16300,29246,15200,13300,3200,13600,14800,9000,19.5800,19.5900,19.6000,19.6100,19.6200,19.6300,19.6400,19.6500,19.6700,19.6800,100,500,4000,7300,4100,900,1800,1300,3300,2300,1686274516486322
20230609,002463.SZ,09:35:18.000,,19.8300,19.7000,19.5500,19.8500,19.5000,0.0000,21.8100,17.8500,20700,404562.0000,4514607,88703427.2900,5347,19.5500,19.5400,19.5300,19.5200,19.5100,19.5000,19.4900,19.4800,19.4700,19.4600,300,10000,20500,29700,19800,31546,17400,13700,3400,13600,19.5700,19.5800,19.5900,19.6000,19.6100,19.6200,19.6300,19.6400,19.6500,19.6700,4100,7200,200,4000,13300,2100,900,1800,6300,3300,1686274519492636
20230609,002463.SZ,09:35:21.000,,19.8300,19.7000,19.5800,19.8500,19.5000,0.0000,21.8100,17.8500,53300,1042287.0000,4567907,89745714.2900,5402,19.5700,19.5400,19.5300,19.5200,19.5100,19.5000,19.4900,19.4800,19.4700,19.4600,1000,800,11900,30500,21800,38146,17400,14700,3400,13600,19.5800,19.5900,19.6000,19.6100,19.6200,19.6300,19.6400,19.6500,19.6700,19.6800,100,2400,4800,13300,2100,900,1800,6300,3300,2300,1686274522493489
20230609,002463.SZ,09:35:24.000,,19.8300,19.7000,19.6100,19.8500,19.5000,0.0000,21.8100,17.8500,10900,213321.0000,4578807,89959035.2900,5441,19.5800,19.5700,19.5600,19.5500,19.5400,19.5300,19.5200,19.5100,19.5000,19.4900,1300,2200,300,200,13600,13400,30200,21600,41246,17400,19.6100,19.6200,19.6300,19.6400,19.6500,19.6700,19.6800,19.6900,19.7000,19.7200,12900,2100,900,1800,6300,3300,2300,100,4600,19900,1686274525490063
20230609,002463.SZ,09:35:27.000,,19.8300,19.7000,19.5800,19.8500,19.5000,0.0000,21.8100,17.8500,29200,572599.0000,4608007,90531634.2900,5485,19.5800,19.5700,19.5600,19.5500,19.5400,19.5300,19.5200,19.5100,19.5000,19.4900,10700,3500,11900,7700,15100,15400,16700,25000,42446,17400,19.6100,19.6300,19.6400,19.6500,19.6700,19.6800,19.6900,19.7000,19.7200,19.7300,4600,2300,3000,6300,3300,2300,100,4600,19900,5000,1686274528489848
20230609,002463.SZ,09:35:30.000,,19.8300,19.7000,19.5800,19.8500,19.5000,0.0000,21.8100,17.8500,27800,545176.0000,4635807,91076810.2900,5525,19.6100,19.5900,19.5800,19.5700,19.5600,19.5500,19.5400,19.5300,19.5200,19.5100,500,1600,17100,3400,11900,9700,22200,13100,21600,25800,19.6600,19.6700,19.6800,19.6900,19.7000,19.7200,19.7300,19.7400,19.7500,19.7600,1500,2500,2300,100,4600,19900,5000,11200,1900,300,1686274531487029
20230609,002463.SZ,09:35:33.000,,19.8300,19.7000,19.5900,19.8500,19.5000,0.0000,21.8100,17.8500,64000,1254439.0000,4699807,92331249.2900,5599,19.6100,19.5900,19.5800,19.5700,19.5600,19.5500,19.5400,19.5300,19.5200,19.5100,1300,4100,3300,3200,11900,10300,23100,13100,27500,26300,19.6500,19.6600,19.6700,19.6800,19.6900,19.7000,19.7200,19.7300,19.7400,19.7500,2200,2300,600,1300,100,4600,19900,5000,11200,1900,1686274534499949
20230609,002463.SZ,09:35:36.000,,19.8300,19.7000,19.6100,19.8500,19.5000,0.0000,21.8100,17.8500,19800,388504.0000,4719607,92719753.2900,5641,19.6000,19.5900,19.5800,19.5700,19.5600,19.5500,19.5400,19.5300,19.5200,19.5100,2400,1700,7000,5800,11900,12600,23100,21400,27600,26300,19.6600,19.6700,19.6800,19.6900,19.7000,19.7200,19.7300,19.7400,19.7500,19.7600,2600,200,1300,100,4600,19900,5000,11200,1900,300,1686274537478729
20230609,002463.SZ,09:35:39.000,,19.8300,19.7000,19.6000,19.8500,19.5000,0.0000,21.8100,17.8500,15500,304373.0000,4735107,93024126.2900,5674,19.6100,19.5900,19.5800,19.5700,19.5600,19.5500,19.5400,19.5300,19.5200,19.5100,400,1700,11000,6300,12500,8600,23100,21100,27200,26300,19.6500,19.6800,19.6900,19.7000,19.7200,19.7300,19.7400,19.7500,19.7600,19.7700,200,10500,12600,4600,19900,5000,11200,1900,300,3000,1686274540481588
20230609,002463.SZ,09:35:42.000,,19.8300,19.7000,19.6100,19.8500,19.5000,0.0000,21.8100,17.8500,25900,507747.0000,4761007,93531873.2900,5704,19.5900,19.5800,19.5700,19.5600,19.5500,19.5400,19.5300,19.5200,19.5100,19.5000,300,5200,6300,12600,8600,19300,21700,27500,32200,36946,19.6100,19.6500,19.6700,19.6800,19.6900,19.7000,19.7200,19.7300,19.7400,19.7500,5700,700,5800,9900,500,4600,19900,5000,11200,1900,1686274543490647
20230609,002463.SZ,09:35:45.000,,19.8300,19.7000,19.6500,19.8500,19.5000,0.0000,21.8100,17.8500,15200,298108.0000,4776207,93829981.2900,5722,19.6000,19.5900,19.5800,19.5700,19.5600,19.5500,19.5400,19.5300,19.5200,19.5100,200,600,5200,6700,12600,10000,19300,22700,27500,32200,19.6100,19.6300,19.6400,19.6500,19.6600,19.6700,19.6800,19.6900,19.7000,19.7200,5000,4000,3800,21600,1200,6000,9900,200,4600,21400,1686274546488983
20230609,002463.SZ,09:35:48.000,,19.8300,19.7000,19.5900,19.8500,19.5000,0.0000,21.8100,17.8500,28400,556555.0000,4804607,94386536.2900,5747,19.5800,19.5700,19.5600,19.5500,19.5400,19.5300,19.5200,19.5100,19.5000,19.4900,4700,9000,12600,10000,19600,22200,28700,31400,37146,12200,19.6000,19.6300,19.6400,19.6500,19.6600,19.6700,19.6800,19.6900,19.7000,19.7200,37500,3800,3000,21200,1200,6000,9900,200,4600,21400,1686274549480176
20230609,002463.SZ,09:35:51.000,,19.8300,19.7000,19.6100,19.8500,19.5000,0.0000,21.8100,17.8500,78200,1533572.0000,4882807,95920108.2900,5794,19.5800,19.5700,19.5600,19.5500,19.5400,19.5300,19.5200,19.5100,19.5000,19.4900,1700,6400,13200,10200,19600,22400,28700,31500,38146,12200,19.6100,19.6300,19.6400,19.6500,19.6600,19.6700,19.6800,19.6900,19.7000,19.7200,1400,100,47300,20300,1200,6700,9900,200,4600,21400,1686274552481489
20230609,002463.SZ,09:35:54.000,,19.8300,19.7000,19.6100,19.8500,19.5000,0.0000,21.8100,17.8500,10600,207567.0000,4893407,96127675.2900,5817,19.6000,19.5800,19.5700,19.5600,19.5500,19.5400,19.5300,19.5200,19.5100,19.5000,400,500,3200,13200,7900,19600,22400,28700,31500,52646,19.6100,19.6200,19.6300,19.6400,19.6500,19.6600,19.6700,19.6800,19.6900,19.7000,400,1300,100,29600,20100,1200,6700,9900,200,4600,1686274555488443
20230609,002463.SZ,09:35:57.000,,19.8300,19.7000,19.5600,19.8500,19.5000,0.0000,21.8100,17.8500,14500,284107.0000,4907907,96411782.2900,5844,19.5800,19.5600,19.5500,19.5400,19.5300,19.5200,19.5100,19.5000,19.4900,19.4800,300,13000,8100,17300,25400,29500,32000,55946,12200,17200,19.6000,19.6100,19.6200,19.6300,19.6400,19.6500,19.6600,19.6700,19.6800,19.6900,100,2100,3000,100,14500,20100,1200,6700,2000,200,1686274558477349
20230609,002463.SZ,09:36:00.000,,19.8300,19.7000,19.5600,19.8500,19.5000,0.0000,21.8100,17.8500,23100,452142.0000,4931007,96863924.2900,5874,19.5500,19.5400,19.5300,19.5200,19.5100,19.5000,19.4900,19.4800,19.4700,19.4600,10000,17300,22400,29600,33100,57046,12200,17200,4400,15100,19.5600,19.6000,19.6100,19.6200,19.6300,19.6400,19.6500,19.6600,19.6700,19.6800,3200,2700,2200,3000,6100,14500,19900,1200,6700,1800,1686274561489935
20230609,002463.SZ,09:36:03.000,,19.8300,19.7000,19.5400,19.8500,19.5000,0.0000,21.8100,17.8500,37000,723763.0000,4968007,97587687.2900,5922,19.5600,19.5400,19.5300,19.5200,19.5100,19.5000,19.4900,19.4800,19.4700,19.4600,3000,5600,22600,29600,33100,51700,12200,18200,4400,15100,19.5800,19.5900,19.6000,19.6100,19.6200,19.6300,19.6400,19.6500,19.6600,19.6700,300,100,12400,3300,3000,6600,13200,22000,1600,6700,1686274564503991
20230609,002463.SZ,09:36:06.000,,19.8300,19.7000,19.5800,19.8500,19.5000,0.0000,21.8100,17.8500,7800,152564.0000,4975807,97740251.2900,5935,19.5600,19.5500,19.5400,19.5300,19.5200,19.5100,19.5000,19.4900,19.4800,19.4700,1200,8900,25900,22600,29400,34100,51700,12200,18500,4400,19.5800,19.5900,19.6000,19.6100,19.6200,19.6300,19.6400,19.6500,19.6600,19.6700,200,3000,11800,3300,200,6600,13200,22500,1600,6700,1686274567499697
20230609,002463.SZ,09:36:09.000,,19.8300,19.7000,19.6000,19.8500,19.5000,0.0000,21.8100,17.8500,8200,160632.0000,4984007,97900883.2900,5955,19.6000,19.5700,19.5600,19.5500,19.5400,19.5300,19.5200,19.5100,19.5000,19.4900,2700,10100,19800,9400,26900,22700,29800,34900,53200,12200,19.6100,19.6200,19.6300,19.6400,19.6500,19.6600,19.6700,19.6800,19.7000,19.7200,3300,200,1500,14600,22500,1600,6700,1800,3300,21400,1686274570499263
20230609,002463.SZ,09:36:12.000,,19.8300,19.7000,19.6600,19.8500,19.5000,0.0000,21.8100,17.8500,42700,837357.0000,5026707,98738240.2900,6038,19.6300,19.6200,19.6000,19.5800,19.5700,19.5600,19.5500,19.5400,19.5300,19.5200,1300,2000,2500,7800,5100,20300,9400,29000,24700,29800,19.6700,19.6800,19.7000,19.7200,19.7300,19.7400,19.7500,19.7600,19.7700,19.7800,1700,200,3300,21400,5000,11200,2100,300,3000,2600,1686274573491210
20230609,002463.SZ,09:36:15.000,,19.8300,19.7000,19.6600,19.8500,19.5000,0.0000,21.8100,17.8500,8100,159264.0000,5034807,98897504.2900,6073,19.6800,19.6600,19.6500,19.6400,19.6300,19.6200,19.6100,19.6000,19.5900,19.5800,2100,2400,100,500,2300,2800,900,1700,1500,9400,19.7000,19.7200,19.7300,19.7400,19.7500,19.7600,19.7700,19.7800,19.7900,19.8000,3300,21400,5000,11200,2100,500,3000,2600,500,22000,1686274576492735
20230609,002463.SZ,09:36:18.000,,19.8300,19.7000,19.7200,19.8500,19.5000,0.0000,21.8100,17.8500,57300,1129263.0000,5092107,100026767.2900,6190,19.6900,19.6800,19.6700,19.6600,19.6500,19.6400,19.6300,19.6200,19.6100,19.6000,400,1800,600,3300,3000,3200,4100,2800,900,200,19.7300,19.7400,19.7500,19.7600,19.7700,19.7800,19.7900,19.8000,19.8100,19.8200,300,5200,2100,500,3000,2600,500,22000,1500,8500,1686274579496494
20230609,002463.SZ,09:36:21.000,,19.8300,19.7000,19.7300,19.8500,19.5000,0.0000,21.8100,17.8500,23700,467381.0000,5115807,100494148.2900,6257,19.7000,19.6900,19.6800,19.6700,19.6600,19.6500,19.6400,19.6300,19.6200,19.6100,2700,2200,1800,1500,2200,3000,1000,4100,2800,900,19.7300,19.7400,19.7500,19.7600,19.7700,19.7800,19.7900,19.8000,19.8100,19.8200,3100,7800,2100,10100,3800,1500,500,22000,1500,8500,1686274582488673
20230609,002463.SZ,09:36:24.000,,19.8300,19.7000,19.7300,19.8500,19.5000,0.0000,21.8100,17.8500,26000,513029.0000,5141807,101007177.2900,6313,19.7100,19.7000,19.6900,19.6800,19.6700,19.6600,19.6500,19.6400,19.6300,19.6200,500,5800,2100,1800,1500,1100,3000,1000,4100,2800,19.7400,19.7500,19.7600,19.7700,19.7800,19.7900,19.8000,19.8100,19.8200,19.8300,100,800,2900,3800,1500,500,22500,1500,8500,1500,1686274585478449
20230609,002463.SZ,09:36:27.000,,19.8300,19.7000,19.7300,19.8500,19.5000,0.0000,21.8100,17.8500,30300,596935.0000,5172107,101604112.2900,6378,19.7000,19.6600,19.6400,19.6300,19.6200,19.6100,19.6000,19.5900,19.5800,19.5700,300,1100,1000,4100,2800,200,3200,1500,3000,300,19.7300,19.7400,19.7500,19.7600,19.7700,19.7800,19.7900,19.8000,19.8100,19.8200,5400,4400,900,2900,2400,1500,500,22500,1500,8500,1686274588492719
20230609,002463.SZ,09:36:30.000,,19.8300,19.7000,19.7600,19.8500,19.5000,0.0000,21.8100,17.8500,16600,327757.0000,5188707,101931869.2900,6400,19.7600,19.7400,19.7300,19.7200,19.7100,19.7000,19.6900,19.6400,19.6300,19.6200,9100,12400,1100,200,4500,3300,200,12000,4100,2800,19.7700,19.7800,19.7900,19.8000,19.8100,19.8200,19.8300,19.8400,19.8500,19.8600,1600,1500,500,22500,1500,8500,1500,2400,10420,6000,1686274591493092
20230609,002463.SZ,09:36:33.000,,19.8300,19.7000,19.7800,19.8500,19.5000,0.0000,21.8100,17.8500,12200,241282.0000,5200907,102173151.2900,6445,19.7800,19.7600,19.7400,19.7300,19.7200,19.7100,19.7000,19.6900,19.6400,19.6300,1900,9300,14300,2400,200,4500,1200,1100,12000,2700,19.8000,19.8100,19.8200,19.8300,19.8400,19.8500,19.8600,19.8700,19.8800,19.8900,18900,1500,8500,1500,2400,10420,6000,300,5900,7900,1686274594488321
20230609,002463.SZ,09:36:36.000,,19.8300,19.7000,19.8300,19.8500,19.5000,0.0000,21.8100,17.8500,105000,2081217.0000,5305907,104254368.2900,6534,19.8300,19.7800,19.7700,19.7600,19.7400,19.7300,19.7200,19.7100,19.7000,19.6900,5100,3800,1900,9000,10400,3900,200,4500,1200,1100,19.8400,19.8500,19.8600,19.8700,19.8800,19.8900,19.9000,19.9100,19.9200,19.9300,2400,16220,6000,300,5900,7900,6000,1100,7200,4600,1686274597488224
20230609,002463.SZ,09:36:39.000,,19.8300,19.7000,19.8500,19.8700,19.5000,0.0000,21.8100,17.8500,109900,2182338.6000,5415807,106436706.8900,6627,19.8400,19.8300,19.8000,19.7900,19.7800,19.7700,19.7600,19.7400,19.7300,19.7100,200,36100,26000,200,4700,1500,12000,10100,3900,4500,19.8700,19.8800,19.8900,19.9000,19.9100,19.9200,19.9300,19.9400,19.9500,19.9600,9900,5900,7900,5000,1100,7200,4600,1200,8200,8900,1686274600498426
20230609,002463.SZ,09:36:42.000,,19.8300,19.7000,19.8300,19.9000,19.5000,0.0000,21.8100,17.8500,73300,1455239.0000,5489107,107891945.8900,6680,19.8100,19.8000,19.7800,19.7700,19.7600,19.7400,19.7300,19.7200,19.7100,19.7000,1800,26500,4800,1500,9500,10100,3900,500,4500,100,19.8300,19.8800,19.8900,19.9000,19.9100,19.9200,19.9300,19.9400,19.9500,19.9600,200,3000,1800,1300,1100,7200,4600,1200,8200,8900,1686274603488196
20230609,002463.SZ,09:36:45.000,,19.8300,19.7000,19.8200,19.9000,19.5000,0.0000,21.8100,17.8500,18500,367106.0000,5507607,108259051.8900,6711,19.8100,19.8000,19.7800,19.7700,19.7600,19.7400,19.7300,19.7200,19.7100,19.7000,200,26500,4700,1600,9500,10100,2900,500,4500,100,19.8400,19.8500,19.8600,19.8700,19.8800,19.8900,19.9100,19.9200,19.9300,19.9400,300,300,600,100,2100,800,1100,7200,4600,1200,1686274606497454
20230609,002463.SZ,09:36:48.000,,19.8300,19.7000,19.8300,19.9000,19.5000,0.0000,21.8100,17.8500,16500,327114.5000,5524107,108586166.3900,6760,19.8100,19.8000,19.7800,19.7700,19.7600,19.7400,19.7300,19.7200,19.7100,19.7000,400,26300,4300,1600,9500,10100,2800,500,4500,100,19.8300,19.8500,19.8600,19.8700,19.8800,19.8900,19.9000,19.9100,19.9200,19.9300,4800,300,210,3800,100,5800,2800,1100,7200,4600,1686274609493614
20230609,002463.SZ,09:36:51.000,,19.8300,19.7000,19.8100,19.9000,19.5000,0.0000,21.8100,17.8500,42500,841907.0000,5566607,109428073.3900,6799,19.8100,19.8000,19.7800,19.7700,19.7600,19.7400,19.7300,19.7200,19.7100,19.7000,5300,1400,4300,600,10300,10100,2800,500,4500,300,19.8600,19.8700,19.8800,19.8900,19.9000,19.9100,19.9200,19.9300,19.9400,19.9500,210,3800,400,5900,2900,1100,7200,4600,1200,8300,1686274612489650
20230609,002463.SZ,09:36:54.000,,19.8300,19.7000,19.8300,19.9000,19.5000,0.0000,21.8100,17.8500,10300,204454.9000,5576907,109632528.2900,6811,19.8300,19.8200,19.8100,19.8000,19.7800,19.7700,19.7600,19.7400,19.7300,19.7200,4200,600,5600,2400,4300,600,10300,10100,2800,500,19.8600,19.8700,19.8800,19.8900,19.9000,19.9100,19.9200,19.9300,19.9400,19.9500,3100,4410,400,5900,2900,1100,7200,4600,1200,8300,1686274615486142
20230609,002463.SZ,09:36:57.000,,19.8300,19.7000,19.8500,19.9000,19.5000,0.0000,21.8100,17.8500,34300,680464.8000,5611207,110312993.0900,6882,19.8200,19.8100,19.8000,19.7800,19.7700,19.7600,19.7400,19.7300,19.7200,19.7100,100,1300,2400,4300,400,10300,10100,2300,500,4500,19.8500,19.8600,19.8800,19.8900,19.9000,19.9100,19.9200,19.9300,19.9400,19.9500,9700,3400,4600,710,3800,1200,7200,4600,1200,8300,1686274618488761
20230609,002463.SZ,09:37:00.000,,19.8300,19.7000,19.8400,19.9000,19.5000,0.0000,21.8100,17.8500,24100,478054.0000,5635307,110791047.0900,6918,19.8100,19.8000,19.7800,19.7700,19.7600,19.7400,19.7300,19.7200,19.7100,19.7000,200,2100,4300,400,10300,9900,2300,500,4500,300,19.8400,19.8500,19.8600,19.8800,19.8900,19.9000,19.9100,19.9200,19.9300,19.9400,310,4000,4200,5700,710,4300,1200,7200,4600,1200,1686274621487757
20230609,002463.SZ,09:37:03.000,,19.8300,19.7000,19.8200,19.9000,19.5000,0.0000,21.8100,17.8500,30000,594586.8000,5665307,111385633.8900,7001,19.8000,19.7800,19.7700,19.7600,19.7400,19.7300,19.7200,19.7100,19.7000,19.6800,3300,700,700,5500,9900,2300,500,7500,300,5000,19.8200,19.8300,19.8400,19.8500,19.8600,19.8800,19.8900,19.9000,19.9100,19.9200,2700,2000,1400,600,14000,9700,710,4300,1200,7200,1686274624487739
20230609,002463.SZ,09:37:06.000,,19.8300,19.7000,19.7600,19.9000,19.5000,0.0000,21.8100,17.8500,31000,613800.0000,5696307,111999433.8900,7086,19.7600,19.7400,19.7300,19.7200,19.7100,19.7000,19.6900,19.6800,19.6700,19.6500,400,9900,2300,500,4500,7300,3000,5000,600,200,19.8100,19.8300,19.8400,19.8500,19.8600,19.8700,19.8800,19.8900,19.9000,19.9100,1000,1500,300,4100,20500,400,9900,5710,4600,1300,1686274627482143
20230609,002463.SZ,09:37:09.000,,19.8300,19.7000,19.7600,19.9000,19.5000,0.0000,21.8100,17.8500,14000,277101.0000,5710307,112276534.8900,7119,19.7500,19.7400,19.7300,19.7200,19.7000,19.6900,19.6800,19.6700,19.6500,19.6400,300,9600,2300,500,7300,3000,6000,600,200,1000,19.8000,19.8100,19.8300,19.8400,19.8500,19.8600,19.8700,19.8800,19.8900,19.9000,3400,12900,1500,300,4100,21500,400,9900,5710,5600,1686274630511739
20230609,002463.SZ,09:37:12.000,,19.8300,19.7000,19.8000,19.9000,19.5000,0.0000,21.8100,17.8500,19800,392179.0000,5730107,112668713.8900,7138,19.7500,19.7400,19.7300,19.7200,19.7000,19.6900,19.6800,19.6700,19.6500,19.6400,3300,9600,1000,500,7200,3000,6000,600,200,1000,19.8000,19.8100,19.8300,19.8400,19.8500,19.8600,19.8700,19.8800,19.8900,19.9000,300,500,1500,300,8700,8600,400,9900,5710,5600,1686274633498452
20230609,002463.SZ,09:37:15.000,,19.8300,19.7000,19.8100,19.9000,19.5000,0.0000,21.8100,17.8500,9000,177957.0000,5739107,112846670.8900,7154,19.7600,19.7500,19.7400,19.7300,19.7200,19.7000,19.6900,19.6800,19.6700,19.6500,7900,4200,9600,1000,500,7200,3000,6000,600,200,19.8100,19.8200,19.8300,19.8400,19.8500,19.8600,19.8700,19.8800,19.8900,19.9000,700,700,1500,3600,10900,8600,400,9900,5710,4400,1686274636492318
20230609,002463.SZ,09:37:18.000,,19.8300,19.7000,19.7600,19.9000,19.5000,0.0000,21.8100,17.8500,25200,498229.0000,5764307,113344899.8900,7185,19.7500,19.7400,19.7300,19.7200,19.7000,19.6900,19.6800,19.6700,19.6500,19.6400,100,6300,1000,600,7300,3800,6000,600,200,1000,19.8000,19.8100,19.8200,19.8300,19.8400,19.8500,19.8600,19.8800,19.8900,19.9000,2700,2100,10100,1600,5200,11300,8600,9900,5710,5600,1686274639478607
20230609,002463.SZ,09:37:21.000,,19.8300,19.7000,19.8200,19.9000,19.5000,0.0000,21.8100,17.8500,23100,457280.0000,5787407,113802179.8900,7219,19.7600,19.7500,19.7400,19.7300,19.7200,19.7000,19.6900,19.6800,19.6700,19.6600,700,1000,4500,1000,600,7300,3800,6300,600,200,19.8000,19.8100,19.8200,19.8300,19.8400,19.8500,19.8600,19.8800,19.8900,19.9000,600,700,3300,1600,4900,13600,9000,9900,5710,6100,1686274642489784
20230609,002463.SZ,09:37:24.000,,19.8300,19.7000,19.7200,19.9000,19.5000,0.0000,21.8100,17.8500,20900,413115.0000,5808307,114215294.8900,7265,19.7000,19.6900,19.6800,19.6700,19.6600,19.6500,19.6400,19.6300,19.6200,19.6100,17300,800,6300,600,200,1200,1000,5700,900,200,19.7200,19.7300,19.7400,19.7500,19.7600,19.7700,19.7800,19.7900,19.8000,19.8100,4700,5700,5500,5900,6500,4000,2100,4200,4500,9800,1686274645482241
20230609,002463.SZ,09:37:27.000,,19.8300,19.7000,19.7500,19.9000,19.5000,0.0000,21.8100,17.8500,38900,767312.0000,5847207,114982606.8900,7319,19.7000,19.6900,19.6800,19.6700,19.6600,19.6500,19.6400,19.6300,19.6200,19.6100,10500,800,6300,600,1000,1000,1000,5700,900,200,19.7500,19.7600,19.7700,19.7800,19.7900,19.8000,19.8100,19.8200,19.8300,19.8400,1700,6500,4000,2100,4200,4600,12200,3200,7500,5000,1686274648480701
20230609,002463.SZ,09:37:30.000,,19.8300,19.7000,19.7500,19.9000,19.5000,0.0000,21.8100,17.8500,17200,339842.0000,5864407,115322448.8900,7343,19.7200,19.7100,19.7000,19.6900,19.6800,19.6700,19.6600,19.6500,19.6400,19.6300,400,800,9400,800,6300,600,1000,1000,1000,5700,19.7500,19.7800,19.7900,19.8000,19.8100,19.8200,19.8300,19.8400,19.8500,19.8600,5600,800,4200,3300,4700,3500,7500,5000,18800,9700,1686274651467166
20230609,002463.SZ,09:37:33.000,,19.8300,19.7000,19.7900,19.9000,19.5000,0.0000,21.8100,17.8500,11900,235087.0000,5876307,115557535.8900,7361,19.7500,19.7200,19.7100,19.7000,19.6900,19.6800,19.6700,19.6600,19.6500,19.6400,1900,3900,300,10400,1100,6300,600,1000,1000,1000,19.7800,19.7900,19.8000,19.8100,19.8200,19.8300,19.8400,19.8500,19.8600,19.8700,700,2100,3300,4700,3600,7500,5000,29300,10500,2000,1686274654485927
20230609,002463.SZ,09:37:36.000,,19.8300,19.7000,19.7800,19.9000,19.5000,0.0000,21.8100,17.8500,5600,110781.0000,5881907,115668316.8900,7374,19.7500,19.7200,19.7100,19.7000,19.6900,19.6800,19.6700,19.6600,19.6500,19.6400,9500,7100,600,21000,1100,6300,600,1000,1000,1000,19.7800,19.7900,19.8000,19.8100,19.8200,19.8300,19.8400,19.8500,19.8600,19.8700,700,3400,1900,4700,3600,6000,5200,29800,10500,2000,1686274657470082
20230609,002463.SZ,09:37:39.000,,19.8300,19.7000,19.7900,19.9000,19.5000,0.0000,21.8100,17.8500,5700,112656.0000,5887607,115780972.8900,7381,19.7500,19.7300,19.7200,19.7100,19.7000,19.6900,19.6800,19.6700,19.6600,19.6500,7100,300,6100,600,25500,6100,6300,600,1000,1000,19.7900,19.8000,19.8100,19.8200,19.8300,19.8400,19.8500,19.8600,19.8700,19.8800,1900,1900,4700,3600,6000,5200,29800,12700,2000,11800,1686274660469891
20230609,002463.SZ,09:37:42.000,,19.8300,19.7000,19.7900,19.9000,19.5000,0.0000,21.8100,17.8500,3500,69191.0000,5891107,115850163.8900,7391,19.7500,19.7300,19.7200,19.7100,19.7000,19.6900,19.6800,19.6700,19.6600,19.6500,5700,300,7100,600,27000,9100,6300,600,1500,1000,19.7900,19.8000,19.8100,19.8200,19.8300,19.8400,19.8500,19.8600,19.8700,19.8800,1500,2900,4700,3500,6000,5200,30900,12700,2000,11800,1686274663477555
20230609,002463.SZ,09:37:45.000,,19.8300,19.7000,19.7500,19.9000,19.5000,0.0000,21.8100,17.8500,6200,122501.0000,5897307,115972664.8900,7397,19.7500,19.7300,19.7200,19.7100,19.7000,19.6900,19.6800,19.6700,19.6600,19.6500,4800,300,8600,5500,28400,10100,6300,600,1500,1000,19.7600,19.7900,19.8000,19.8100,19.8200,19.8300,19.8400,19.8500,19.8600,19.8700,5000,1800,2900,4700,3500,6500,5200,31400,12700,2000,1686274666475876
20230609,002463.SZ,09:37:48.000,,19.8300,19.7000,19.7600,19.9000,19.5000,0.0000,21.8100,17.8500,16400,324022.0000,5913707,116296686.8900,7414,19.7600,19.7500,19.7400,19.7300,19.7200,19.7100,19.7000,19.6900,19.6800,19.6700,2800,13900,600,300,8600,5500,28400,10100,6300,600,19.7900,19.8000,19.8100,19.8200,19.8300,19.8400,19.8500,19.8600,19.8700,19.8800,1600,2900,4700,3500,7000,5200,31400,12700,2000,11800,1686274669478343
20230609,002463.SZ,09:37:51.000,,19.8300,19.7000,19.7600,19.9000,19.5000,0.0000,21.8100,17.8500,19800,391435.0000,5933507,116688121.8900,7437,19.7700,19.7600,19.7500,19.7400,19.7300,19.7200,19.7100,19.7000,19.6900,19.6800,800,1200,14200,600,700,8600,5500,29500,10100,6300,19.7900,19.8100,19.8200,19.8300,19.8400,19.8500,19.8600,19.8700,19.8800,19.8900,400,1600,3500,7000,5100,26500,12700,2000,11800,4710,1686274672473333
20230609,002463.SZ,09:37:54.000,,19.8300,19.7000,19.7600,19.9000,19.5000,0.0000,21.8100,17.8500,14600,288665.0000,5948107,116976786.8900,7475,19.7900,19.7600,19.7500,19.7400,19.7300,19.7200,19.7100,19.7000,19.6900,19.6800,300,21300,14200,600,4700,5800,5700,30700,10100,6300,19.8100,19.8200,19.8300,19.8400,19.8500,19.8600,19.8700,19.8800,19.8900,19.9000,100,3500,7000,5100,26500,12700,6000,11800,4710,19500,1686274675480829
20230609,002463.SZ,09:37:57.000,,19.8300,19.7000,19.7900,19.9000,19.5000,0.0000,21.8100,17.8500,6200,122808.0000,5954307,117099594.8900,7484,19.7900,19.7800,19.7600,19.7500,19.7400,19.7300,19.7200,19.7100,19.7000,19.6900,100,1000,23300,14000,600,4700,6300,5700,34100,10100,19.8200,19.8300,19.8400,19.8500,19.8600,19.8700,19.8800,19.8900,19.9000,19.9100,300,7000,5100,26500,12700,6000,11900,4710,30400,2200,1686274678478449
20230609,002463.SZ,09:38:00.000,,19.8300,19.7000,19.8400,19.9000,19.5000,0.0000,21.8100,17.8500,19200,380079.0000,5973507,117479673.8900,7518,19.7900,19.7700,19.7600,19.7500,19.7400,19.7300,19.7200,19.7100,19.7000,19.6900,1300,9900,24900,16000,600,4700,7300,5700,34100,10100,19.8300,19.8400,19.8500,19.8600,19.8700,19.8800,19.8900,19.9000,19.9100,19.9200,700,5300,26500,12700,6000,11900,4710,30500,2200,3900,1686274681486946
20230609,002463.SZ,09:38:03.000,,19.8300,19.7000,19.7600,19.9000,19.5000,0.0000,21.8100,17.8500,19700,389584.0000,5993207,117869257.8900,7559,19.7600,19.7500,19.7400,19.7300,19.7200,19.7100,19.7000,19.6900,19.6800,19.6700,16700,14100,600,4500,7300,5700,34100,10100,6300,1600,19.7900,19.8200,19.8300,19.8400,19.8500,19.8600,19.8700,19.8800,19.8900,19.9000,3800,8100,200,6300,26500,12000,6000,12900,4710,30700,1686274684486404
20230609,002463.SZ,09:38:06.000,,19.8300,19.7000,19.7900,19.9000,19.5000,0.0000,21.8100,17.8500,37800,748837.0000,6031007,118618094.8900,7627,19.7900,19.7600,19.7500,19.7300,19.7200,19.7100,19.7000,19.6900,19.6800,19.6700,1800,19400,4800,4500,7300,5700,35100,10100,6300,1600,19.8000,19.8400,19.8500,19.8600,19.8700,19.8800,19.8900,19.9000,19.9100,19.9200,1600,500,26500,12000,6000,12900,4710,30700,2200,3900,1686274687485516
20230609,002463.SZ,09:38:09.000,,19.8300,19.7000,19.7900,19.9000,19.5000,0.0000,21.8100,17.8500,23500,464791.0000,6054507,119082885.8900,7645,19.7900,19.7700,19.7600,19.7500,19.7400,19.7300,19.7200,19.7100,19.7000,19.6900,1200,100,18500,4800,200,700,6300,5700,35600,10100,19.8000,19.8300,19.8400,19.8500,19.8600,19.8700,19.8800,19.8900,19.9000,19.9100,1200,600,1100,25500,12000,6000,12900,4710,31700,2200,1686274690492932
20230609,002463.SZ,09:38:12.000,,19.8300,19.7000,19.8000,19.9000,19.5000,0.0000,21.8100,17.8500,5600,110881.0000,6060107,119193766.8900,7657,19.7900,19.7700,19.7600,19.7500,19.7400,19.7300,19.7200,19.7100,19.7000,19.6900,15000,600,30800,4800,200,700,6300,5800,36400,10100,19.8000,19.8200,19.8300,19.8400,19.8500,19.8600,19.8700,19.8800,19.8900,19.9000,5400,200,200,6600,25400,21900,6300,12900,4710,41400,1686274693468534
20230609,002463.SZ,09:38:15.000,,19.8300,19.7000,19.7900,19.9000,19.5000,0.0000,21.8100,17.8500,20800,412131.0000,6080907,119605897.8900,7695,19.7900,19.7700,19.7600,19.7500,19.7400,19.7300,19.7200,19.7100,19.7000,19.6900,12900,3400,31200,4800,200,700,5300,5800,35000,10100,19.8300,19.8400,19.8500,19.8600,19.8700,19.8800,19.8900,19.9000,19.9100,19.9200,1600,10000,29200,22800,6300,12900,4710,41900,2200,3900,1686274696478138
20230609,002463.SZ,09:38:18.000,,19.8300,19.7000,19.8000,19.9000,19.5000,0.0000,21.8100,17.8500,18200,361094.0000,6099107,119966991.8900,7719,19.8000,19.7900,19.7700,19.7600,19.7500,19.7400,19.7300,19.7200,19.7100,19.7000,3900,15900,3400,32700,4800,200,1200,5300,5500,35200,19.8400,19.8500,19.8600,19.8700,19.8800,19.8900,19.9000,19.9100,19.9200,19.9300,1000,23200,22800,6300,12900,6110,39900,2200,3900,4600,1686274699490516
20230609,002463.SZ,09:38:21.000,,19.8300,19.7000,19.8300,19.9000,19.5000,0.0000,21.8100,17.8500,700,13877.0000,6099807,119980868.8900,7724,19.8000,19.7900,19.7700,19.7600,19.7500,19.7400,19.7300,19.7200,19.7100,19.7000,7900,17300,3500,35700,4300,200,1200,5300,5500,34900,19.8300,19.8400,19.8500,19.8600,19.8700,19.8800,19.8900,19.9000,19.9100,19.9200,100,1000,23600,22800,6300,12900,5610,33100,2200,3900,1686274702468731
20230609,002463.SZ,09:38:24.000,,19.8300,19.7000,19.8000,19.9000,19.5000,0.0000,21.8100,17.8500,1300,25749.0000,6101107,120006617.8900,7728,19.8100,19.8000,19.7900,19.7700,19.7600,19.7500,19.7400,19.7300,19.7200,19.7100,800,14200,17900,3500,38100,4300,1200,1200,5300,5500,19.8300,19.8400,19.8500,19.8600,19.8700,19.8800,19.8900,19.9000,19.9100,19.9200,500,4500,27900,22800,6300,12900,5610,33100,2200,3900,1686274705470080
20230609,002463.SZ,09:38:27.000,,19.8300,19.7000,19.8400,19.9000,19.5000,0.0000,21.8100,17.8500,45300,898091.0000,6146407,120904708.8900,7783,19.8100,19.8000,19.7900,19.7700,19.7600,19.7500,19.7400,19.7300,19.7200,19.7100,400,3900,18600,2800,25700,4400,1200,1300,5300,5500,19.8400,19.8500,19.8600,19.8700,19.8800,19.8900,19.9000,19.9100,19.9200,19.9300,2200,15000,22800,6300,12900,5610,33100,2200,3900,4600,1686274708481498
20230609,002463.SZ,09:38:30.000,,19.8300,19.7000,19.8300,19.9000,19.5000,0.0000,21.8100,17.8500,21900,434375.0000,6168307,121339083.8900,7812,19.8100,19.8000,19.7900,19.7700,19.7600,19.7500,19.7400,19.7300,19.7200,19.7100,1200,2400,18700,3200,25700,4400,1200,1300,5300,8000,19.8300,19.8400,19.8500,19.8600,19.8700,19.8800,19.8900,19.9000,19.9100,19.9200,1000,7700,11800,22800,6300,12900,5610,33000,2200,3900,1686274711462919
20230609,002463.SZ,09:38:33.000,,19.8300,19.7000,19.8400,19.9000,19.5000,0.0000,21.8100,17.8500,9600,190319.0000,6177907,121529402.8900,7831,19.7900,19.7700,19.7600,19.7500,19.7400,19.7300,19.7200,19.7100,19.7000,19.6900,18000,3200,25700,4000,1200,1300,5000,8000,37000,7100,19.8400,19.8500,19.8600,19.8700,19.8800,19.8900,19.9000,19.9100,19.9200,19.9300,3300,11800,22800,6300,13000,5610,23000,2200,3900,4600,1686274714480213
20230609,002463.SZ,09:38:36.000,,19.8300,19.7000,19.8500,19.9000,19.5000,0.0000,21.8100,17.8500,21300,422632.0000,6199207,121952034.8900,7851,19.8100,19.8000,19.7900,19.7700,19.7600,19.7500,19.7400,19.7300,19.7200,19.7100,1100,900,18000,3200,25700,4000,1200,1300,5000,8000,19.8400,19.8500,19.8600,19.8700,19.8800,19.8900,19.9000,19.9100,19.9200,19.9300,3300,7900,22800,6800,13000,5610,24000,2200,3900,4600,1686274717466610
20230609,002463.SZ,09:38:39.000,,19.8300,19.7000,19.8400,19.9000,19.5000,0.0000,21.8100,17.8500,8000,158725.0000,6207207,122110759.8900,7863,19.8300,19.8100,19.8000,19.7900,19.7700,19.7600,19.7500,19.7400,19.7300,19.7200,1600,15600,2300,18000,22800,25700,4000,1200,1300,5000,19.8400,19.8500,19.8600,19.8700,19.8800,19.8900,19.9000,19.9100,19.9200,19.9300,2200,7000,22800,6800,9400,5610,24900,2200,3900,4600,1686274720469365
20230609,002463.SZ,09:38:42.000,,19.8300,19.7000,19.8100,19.9000,19.5000,0.0000,21.8100,17.8500,38000,752769.0000,6245207,122863528.8900,7916,19.7900,19.7700,19.7600,19.7500,19.7400,19.7300,19.7200,19.7100,19.7000,19.6900,11100,25800,23300,3900,2400,1300,5000,9000,38500,7100,19.8100,19.8200,19.8300,19.8400,19.8500,19.8600,19.8700,19.8800,19.8900,19.9000,1400,500,1100,2300,8400,22800,6800,9400,5610,24900,1686274723472854
20230609,002463.SZ,09:38:45.000,,19.8300,19.7000,19.8300,19.9000,19.5000,0.0000,21.8100,17.8500,5100,101086.0000,6250307,122964614.8900,7931,19.8000,19.7900,19.7700,19.7600,19.7500,19.7400,19.7300,19.7200,19.7100,19.7000,4400,7900,25800,23300,3900,2400,1300,5000,9000,38500,19.8300,19.8400,19.8500,19.8600,19.8700,19.8800,19.8900,19.9000,19.9100,19.9200,19900,800,9400,22800,7200,9300,5610,25100,2200,3900,1686274726489817
20230609,002463.SZ,09:38:48.000,,19.8300,19.7000,19.8300,19.9000,19.5000,0.0000,21.8100,17.8500,14500,287507.0000,6264807,123252121.8900,7943,19.8100,19.8000,19.7900,19.7700,19.7600,19.7500,19.7400,19.7300,19.7200,19.7100,600,4800,22900,25800,15500,3900,2400,1300,5000,9000,19.8300,19.8400,19.8500,19.8600,19.8700,19.8800,19.8900,19.9000,19.9100,19.9200,8200,600,8900,22800,7200,9400,4210,24100,2200,3900,1686274729479784
20230609,002463.SZ,09:38:51.000,,19.8300,19.7000,19.8500,19.9000,19.5000,0.0000,21.8100,17.8500,12200,241960.0000,6277007,123494081.8900,7955,19.8300,19.8100,19.8000,19.7900,19.7700,19.7600,19.7500,19.7400,19.7300,19.7200,12100,3300,5900,23100,25800,15500,3900,2400,1300,4000,19.8500,19.8600,19.8700,19.8800,19.8900,19.9000,19.9100,19.9200,19.9300,19.9400,7500,23000,7200,9400,4210,24600,2100,3900,4600,2000,1686274732483847
20230609,002463.SZ,09:38:54.000,,19.8300,19.7000,19.8600,19.9000,19.5000,0.0000,21.8100,17.8500,81700,1623797.9000,6358707,125117879.7900,8055,19.8600,19.8500,19.8400,19.8300,19.8200,19.8100,19.8000,19.7900,19.7700,19.7600,900,500,1200,13700,2000,4500,6800,24000,25800,15500,19.9000,19.9100,19.9200,19.9300,19.9400,19.9500,19.9600,19.9700,19.9800,19.9900,210,2100,3900,4600,2000,7800,9000,6300,14500,40100,1686274735476701
20230609,002463.SZ,09:38:57.000,,19.8300,19.7000,19.8600,19.9000,19.5000,0.0000,21.8100,17.8500,8900,176854.0000,6367607,125294733.7900,8072,19.8600,19.8500,19.8400,19.8300,19.8200,19.8100,19.8000,19.7900,19.7700,19.7600,500,800,2000,22500,2000,4700,17400,23900,25800,15500,19.8700,19.8900,19.9000,19.9100,19.9200,19.9300,19.9400,19.9500,19.9600,19.9700,600,42600,210,2000,3900,4600,2000,7800,9000,6300,1686274738476588
20230609,002463.SZ,09:39:00.000,,19.8300,19.7000,19.8900,19.9000,19.5000,0.0000,21.8100,17.8500,30400,604640.0000,6398007,125899373.7900,8082,19.8700,19.8600,19.8500,19.8400,19.8300,19.8100,19.8000,19.7900,19.7700,19.7600,200,4000,3500,2500,26800,3100,17300,23400,25800,15200,19.8900,19.9000,19.9100,19.9200,19.9300,19.9400,19.9500,19.9600,19.9700,19.9800,13000,610,2000,3900,4600,2000,7800,9000,6300,14800,1686274741467877
20230609,002463.SZ,09:39:03.000,,19.8300,19.7000,19.8700,19.9200,19.5000,0.0000,21.8100,17.8500,42000,835371.8000,6440007,126734745.5900,8175,19.8700,19.8600,19.8500,19.8400,19.8300,19.8200,19.8100,19.8000,19.7900,19.7700,7400,3500,13500,3000,28500,200,2700,17300,23700,25800,19.8800,19.8900,19.9000,19.9100,19.9200,19.9300,19.9400,19.9500,19.9600,19.9700,300,1000,4600,590,5010,4600,1600,7800,9000,6300,1686274744491688
20230609,002463.SZ,09:39:06.000,,19.8300,19.7000,19.8700,19.9200,19.5000,0.0000,21.8100,17.8500,9800,194760.0000,6449807,126929505.5900,8193,19.8700,19.8600,19.8500,19.8400,19.8300,19.8200,19.8100,19.8000,19.7900,19.7700,8600,1700,13900,3200,17600,200,2700,17700,23700,25800,19.8800,19.8900,19.9000,19.9100,19.9200,19.9300,19.9400,19.9500,19.9600,19.9700,2300,1400,5600,590,5010,4600,1600,7800,9000,6200,1686274747467634
20230609,002463.SZ,09:39:09.000,,19.8300,19.7000,19.8800,19.9200,19.5000,0.0000,21.8100,17.8500,43100,856241.0000,6492907,127785746.5900,8255,19.8800,19.8600,19.8500,19.8400,19.8300,19.8200,19.8100,19.8000,19.7900,19.7700,300,200,2500,3100,16400,200,3000,17700,23200,25800,19.9000,19.9100,19.9300,19.9400,19.9500,19.9600,19.9700,19.9800,19.9900,20.0000,7600,590,4600,1600,7800,9000,6200,14700,41400,113600,1686274750494567
20230609,002463.SZ,09:39:12.000,,19.8300,19.7000,19.8900,19.9300,19.5000,0.0000,21.8100,17.8500,22200,441803.2000,6515107,128227549.7900,8285,19.8900,19.8800,19.8700,19.8600,19.8500,19.8400,19.8300,19.8200,19.8100,19.8000,8200,7100,2400,200,2500,6100,16700,200,3000,20000,19.9200,19.9300,19.9400,19.9500,19.9600,19.9700,19.9800,19.9900,20.0000,20.0100,7900,1590,1600,7800,8000,6200,14700,41400,112900,2000,1686274753491095
20230609,002463.SZ,09:39:15.000,,19.8300,19.7000,19.9500,19.9500,19.5000,0.0000,21.8100,17.8500,25100,499721.2000,6540207,128727270.9900,8305,19.9100,19.9000,19.8900,19.8800,19.8700,19.8600,19.8500,19.8400,19.8300,19.8200,400,2900,1000,9000,8500,200,2500,9200,16500,200,19.9400,19.9500,19.9600,19.9700,19.9800,19.9900,20.0000,20.0100,20.0200,20.0300,100,5890,8000,6200,14700,45700,112900,2000,9900,2300,1686274756479167
20230609,002463.SZ,09:39:18.000,,19.8300,19.7000,19.8800,19.9500,19.5000,0.0000,21.8100,17.8500,21800,434077.0000,6562007,129161347.9900,8343,19.8900,19.8800,19.8700,19.8600,19.8500,19.8400,19.8300,19.8200,19.8100,19.8000,3200,12300,9200,200,2500,9200,14700,200,3000,20500,19.9200,19.9300,19.9400,19.9500,19.9600,19.9700,19.9800,19.9900,20.0000,20.0100,700,600,100,17790,8000,6200,14700,26300,112900,2000,1686274759479626
20230609,002463.SZ,09:39:21.000,,19.8300,19.7000,19.9200,19.9500,19.5000,0.0000,21.8100,17.8500,8700,173165.0000,6570707,129334512.9900,8359,19.8900,19.8800,19.8700,19.8600,19.8500,19.8400,19.8300,19.8200,19.8100,19.8000,1200,14100,10100,200,3100,8100,12700,200,3000,20700,19.9200,19.9300,19.9400,19.9500,19.9600,19.9700,19.9800,19.9900,20.0000,20.0100,2300,600,5700,18290,6900,6200,14700,26300,113600,2000,1686274762478373
